3018 4882
212 225 256 291 32
525 222 698 280 CORNELII
718 221 842 278 TAGITI
859 221 1071 278 AGRICOLAE

212 387 373 472 plerisque
391 385 500 471 patria
518 388 575 456 aut
593 385 660 450 alia
678 389 735 452 cst
775 407 896 468 paucos
914 405 1058 467 numero,
1076 384 1223 451 locorum
1241 384 1388 467 trepidos

196 476 408 562 ‘ignorantia
430 475 554 540 eaelum
577 473 684 558 ipsum
707 495 746 540 ac
764 495 853 538 marc
876 477 909 538 et
932 472 1039 550 silvas,
1061 472 1175 558 ignata
1193 473 1306 538 omnia
1328 473 1388 538 air·
1486 519 1487 524 1

213 567 483 648 cumspectantes,
507 561 634 628 clausos
655 561 795 648 quodam
817 562 914 628 modo
938 582 976 625 ec
999 561 1125 627 vinctos
1149 561 1181 626 di
1203 561 1299 626 nobis
1322 565 1389 626 tra-

171 670 204 719 15
214 653 373 718 didarunt
394 674 435 716 uc
453 655 575 718 terreat
592 672 695 716 vanus
715 653 865 736 aspectus
879 653 913 714 at
926 649 997 714 auri
1015 649 1123 735 fulgor
1138 653 1234 734 atquc
1249 651 1389 735 argenti,

213 741 300 827 quod
318 762 422 826 nequa
441 739 525 825 tegit
542 761 645 824 nequa
663 739 822 804 vulnerat.
852 739 887 803 in
904 739 978 823 ipsa
995 737 1139 804 hostium
1157 738 1225 804 acie
1243 739 1389 804 invenie·
1487 799 1488 814 ,

213 852 286 896 mus
313 833 443 897 nostras
470 850 595 894 manus.
641 826 841 914 adgnoscent
867 826 1017 892 Britanni
1046 849 1139 893 suam
1166 849 1311 911 causam,
1339 849 1389 894 re·

214 917 433 984 cardabuntur
451 916 537 982 Galli
554 916 695 1000 priorem
713 916 909 984 libertatem:
928 915 1081 980 'deserent
1098 915 1173 982 illos
1192 915 1288 982 ceteri
1308 914 1388 982 Gar·

213 1008 312 1090 mani,
334 1009 520 1090 tamquam
537 1026 641 1089 nuper
658 1003 755 1088 Usipi
777 1004 984 1089 reliquerunt.
1025 1025 1084 1070 uec
1107 1005 1279 1088 quicquam
1300 1005 1390 1070 ultra

169 1094 408 1163 reformidinis:
432 1115 534 1160 vacua
556 1093 698 1176 casana,
721 1115 834 1158 senum
852 1093 1008 1177 coloniae,
1030 1094 1116 1158 inter
1133 1093 1218 1158 male
1237 1096 1388 1177 parentes
1488 1097 1489 1142 t

213 1186 247 1249 et
264 1183 383 1248 iniuste
402 1183 598 1266 imperantes
619 1203 718 1267 aegra
736 1181 911 1265 municipia
929 1185 962 1248 et
980 1181 1206 1248 discordantia
1242 1181 1296 1247 hic
1315 1181 1389 1267 dux,

213 1272 266 1336 hic
280 1271 451 1336 exercitusr
464 1270 511 1336 ibi
525 1271 648 1335 tributa
663 1273 696 1334 et
709 1271 841 1336 metalla
854 1273 889 1334 et
902 1274 1026 1336 ceterae
1036 1270 1245 1336 servientium
1254 1291 1390 1355 poenaa
1487 1287 1489 1294 ⁴

214 1381 294 1445 quas
317 1360 352 1423 in
370 1362 537 1424 aeternum
554 1358 696 1443 perferre
719 1362 777 1424 aut
799 1358 911 1424 statim
929 1359 1042 1424 ulcisci
1061 1359 1097 1424 iu
1114 1359 1177 1424 hoc
1195 1380 1310 1442 campo
1330 1362 1389 1424 est.
1489 1397 1490 1430 ;

213 1447 348 1532 proinde
371 1448 451 1514 ituri
472 1447 507 1512 in
525 1448 627 1512 aciem
651 1450 683 1512 et
705 1448 843 1512 maiores
866 1451 991 1514 vestros
1009 1450 1044 1512 et
1061 1451 1209 1532 posteros
1228 1445 1390 1532 cogitate?

159 1538 203 1604 33
302 1535 467 1620 Excepere
491 1536 671 1600 orationem
694 1536 826 1618 alacres,
849 1539 886 1600 ut
907 1535 1055 1600 barbaris
1075 1536 1184 1619 moris,
1207 1538 1305 1600 cautu
1328 1536 1392 1600 fre-

213 1625 360 1709 mituque
384 1627 417 1689 at
440 1624 635 1690 clamoribus
659 1622 810 1690 dissonis.
855 1623 983 1708 iamque
1012 1625 1147 1708 agmina
1169 1625 1202 1689 et
1225 1645 1392 1690 armorum
1490 1706 1491 1710 Ἰ

214 1713 358 1798 fulgores
390 1712 616 1780 audentissimi
648 1713 801 1796 cuiusque
833 1734 1003 1796 procursu3
1039 1712 1137 1776 simul
1169 1712 1392 1779 instruebatur

215 1802 310 1885 acies,
331 1824 404 1867 cum
421 1800 580 1886 Agricola
598 1821 793 1885 quamquam
811 1801 933 1866 laetum
953 1804 986 1866 et
1003 1801 1059 1865 vix
1076 1800 1284 1866 munimentis
1303 1823 1392 1868 coer·

182 1891 313 1957 scitum
336 1889 472 1955 militem
496 1888 735 1955 accendendum
758 1889 863 1956 adhuc
885 1893 990 1971 ratus,
1015 1889 1063 1954 ita
1085 1889 1251 1954 disseruit:
1280 1887 1392 1974 ‘septi-

213 2000 286 2044 mus
305 1999 408 2044 annus
423 1980 482 2061 est,
500 1977 745 2061 commilitones,
764 2000 803 2042 ex
821 2000 885 2062 quo
901 1978 1021 2045 virtute
1039 1981 1071 2044 et
1089 1977 1242 2063 auspiciis
1262 1977 1393 2062 imperii

213 2065 369 2150 Romani,
395 2066 459 2131 fide
482 2070 579 2151 atque
603 2087 701 2150 opera
728 2069 837 2132 vestra
859 2065 1064 2134 Britanniam
1087 2066 1218 2132 vicistis.
1263 2069 1315 2132 tot
1337 2089 1391 2134 ex·

212 2155 446 2239 peditionibus,
472 2158 524 2221 tot
550 2154 697 2239 proeliis,
725 2177 781 2220 seu
808 2155 1000 2222 fortitudine
1027 2155 1180 2224 adversus
1202 2155 1309 2220 hostis
1333 2178 1392 2222 sau

212 2244 374 2328 patientia
392 2265 430 2309 ac
452 2244 564 2310 labore
581 2264 684 2327 paene
706 2243 860 2310 adversus
883 2243 990 2328 ipsam
1007 2266 1114 2310 rerum
1137 2247 1289 2310 uatrram
1309 2266 1392 2328 opus

73 2403 77 2410 ,
171 2350 205 2400 10
214 2332 286 2416 fuit,
304 2353 408 2417 neque
422 2353 473 2398 ma
492 2332 633 2398 militurn
647 2352 751 2416 nequa
770 2353 827 2398 vos
845 2332 934 2400 ducis
953 2334 1122 2417 paenituit.
1160 2353 1237 2418 ergo
1257 2334 1391 2418 egressi,

214 2441 276 2505 ego
290 2425 435 2486 veterum
453 2422 645 2506 legatorum,
664 2441 722 2485 vos
736 2420 879 2504 priorum
894 2423 1092 2488 exercituum
1105 2420 1273 2506 terminos,
1291 2422 1391 2488 finam

212 2508 401 2575 Britanniae
423 2531 490 2576 non
509 2511 598 2576 fama
615 2529 674 2574 nec
692 2529 823 2574 rumore
841 2509 896 2576 sed
920 2511 1036 2576 castris
1055 2514 1089 2574 et
1107 2511 1207 2576 armis
1225 2513 1392 2576 tenemus:

253 2761 293 2809 13.
315 2756 538 2822 circumspectare
555 2753 615 2809 sich
634 2753 774 2823 tngstlich
823 2755 947 2822 publica.
976 2783 1009 2794 -
1038 2753 1095 2808 Der
1121 2754 1262 2823 generalla
1291 2754 1392 2810 Plural

216 2825 291 2880 nach
306 2825 381 2880 allen
396 2823 491 2880 Seiten
505 2825 646 2880 umsehan.
666 2824 731 2880 hist.
748 2831 773 2893 2,
827 2824 982 2892 municipia
1013 2824 1159 2892 (zunaahst
1190 2825 1302 2880 denken
1334 2825 1388 2881 wir

215 2902 250 2951 28
269 2896 492 2964 circamapacture
514 2896 586 2950 saar
607 2911 635 2949 se
653 2897 772 2950 attoniti.
828 2912 880 2950 nur
897 2911 935 2950 an
948 2893 1153 2962 Verulamium)
1171 2896 1210 2950 ist
1223 2895 1392 2966 rhetorisch,

215 2965 271 3022 Cic.
300 2965 356 3020 Pis.
389 2971 412 3031 §-
440 2971 474 3020 99
507 2967 774 3034 circumspectantem
827 2965 881 3020 wia
899 2967 998 3022 liberos
1016 2964 1075 3020 und
1092 2967 1210 3034 flanrm
1224 2983 1287 3022 ann.
1305 2974 1332 3036 1,
1345 2973 1392 3022 42.

214 3037 315 3093 omnic.
353 3035 421 3091 Sall.
448 3037 512 3107 Jug.
542 3041 590 3106 72,
615 3043 631 3091 2
659 3037 773 3092 airman-
826 3036 1005 3107 triumphales
1015 3052 1079 3092 avoc
1090 3043 1168 3105 14,1.
1184 3039 1281 3094 classes
1293 3043 1336 3106 14,
1349 3044 1390 3094 11.
1428 3033 1432 3042 ’

214 3114 335 3178 spectare
353 3109 446 3164 amara
463 3113 489 3162 et
506 3109 581 3162 orma
593 3107 711 3177 strepitu
719 3124 772 3177 pa·
862 3114 905 3162 23.
924 3109 956 3162 iu
973 3109 1022 3163 hoc
1036 3122 1131 3190 campo
1144 3113 1184 3163 art
1202 3109 1270 3176 „aul
1282 3108 1391 3164 diesem

214 3195 322 3234 vacare.
829 3178 1036 3234 Schlachtfcldc
1069 3179 1139 3234 ward
1172 3195 1201 3234 es
1235 3179 1296 3234 sich
1328 3181 1391 3236 cnt-

253 3256 293 3305 11.
312 3253 422 3304 rastas
434 3265 542 3305 manus.
562 3247 774 3304 Zuntahstsind
828 3249 984 3304 scheiden‘⁸.
1023 3248 1091 3306 Alsa
1109 3253 1148 3304 est
1166 3274 1200 3296 ==
1220 3250 1319 3318 situm,
1345 3267 1395 3320 po-

215 3318 326 3374 freilich
349 3319 507 3374 Britannias
531 3319 670 3390 gamaint,
699 3319 773 3376 daun
827 3320 912 3374 situm
940 3323 991 3376 est.
1032 3321 1093 3376 Liv.
1121 3324 1168 3388 10,
1198 3325 1232 3376 14
1259 3337 1333 3390 sporn
1361 3323 1420 3376 irr'

216 3390 284 3444 aber
306 3390 380 3444 anch
399 3387 505 3444 Galliac
528 3390 586 3443 und
609 3388 773 3458 Germanas,
827 3392 930 3460 impetu
947 3409 1001 3448 esse
1019 3393 1146 3462 equitum.

215 3459 262 3515 die
276 3460 336 3515 sich
350 3459 435 3514 ihnsu
449 3459 636 3516 anschtiassen
650 3460 773 3516 wurden.
864 3468 906 3519 24.
930 3465 1048 3532 cogitare
1067 3480 1089 3517 c.
1108 3478 1199 3518 accus.
1225 3479 1280 3532 „an
1305 3465 1394 3518 etwas

254 3537 295 3587 19.
309 3536 366 3586 tarn
375 3545 457 3600 qaum
468 3529 643 3600 (eigeutlichr
658 3529 773 3586 indem-
828 3532 955 3587 danken“
975 3533 1061 3588 schon
1078 3533 1125 3588 bei
1143 3531 1249 3588 Cicera.

216 3602 313 3658 selben
331 3601 442 3656 Maasse
459 3601 525 3670 wie)
549 3603 620 3658 statt
636 3606 669 3656 at
686 3601 775 3657 findet
863 3601 912 3657 38.
937 3610 961 3658 3.
981 3604 1101 3676 fulgores
1118 3605 1190 3674 plur.
1209 3602 1247 3656 ist
1265 3596 1318 3656 ta.
1339 3603 1392 3674 εἰρ.

218 3672 278 3727 sich
311 3673 397 3728 sehon
430 3672 503 3728 δῆθε
529 3671 576 3727 bei
604 3671 710 3732 Cicera.
740 3703 773 3712 -
829 3703 862 3712 —-
881 3673 937 3728 Dar
955 3673 1115 3744 Suparlativ
1138 3690 1193 3729 von
1212 3674 1319 3729 audeas
1337 3691 1392 3730 nur

216 3743 309 3798 Ueber
327 3743 373 3798 die
391 3742 503 3813 Usipier
521 3762 542 3800 s.
562 3760 604 3812 cp.
624 3748 667 3798 28.
827 3744 901 3799 nach
919 3744 967 3800 bai
980 3745 1096 3802 Gellius.
1125 3760 1277 3815 procursus
1294 3744 1394 3800 iader

252 3819 295 3870 20.
314 3815 387 3870 irater
404 3815 474 3870 male
487 3821 617 3884 parentes
635 3817 684 3870 att.
699 3815 775 3870 steht
827 3815 916 3870 Prasa
934 3818 991 3872 crat
1009 3817 1063 3873 seit
1078 3816 1182 3871 Livius.

216 3885 261 3940 fflr
289 3884 370 3941 sinen
397 3885 567 3942 Nebeusctu:
600 3901 664 3942 cum
692 3884 775 3942 alteri
864 3891 888 3940 t.
913 3887 1004 3942 adlice
1023 3885 1163 3956 steigernd
1187 3887 1258 3940 statt
1278 3887 1396 3956 aucuper

216 3955 366 4026 (Britanni)
384 3957 459 4014 mule
477 3959 606 4027 pareant,
625 3955 708 4012 alteri
725 3956 774 4032 (ci
828 3957 866 4012 ist
884 3959 1103 4014 nachlrlassisch.

217 4045 265 4084 ves
279 4028 410 4097 Romani)
424 4029 527 4084 iniusta
541 4027 687 4097 imperent.
707 4027 775 4084 hist.
866 4036 890 4084 6.
909 4032 1010 4084 straete
1029 4029 1088 4083 scil.
1108 4030 1209 4084 vestra.
1244 4062 1246 4068 ·

218 4099 721 4167 1,1r'rsterr'rrsrrrsorartobaoctor.
866 4105 889 4154 7.
917 4102 1023 4156 eiciam
1047 4100 1089 4156 als
1111 4100 1184 4156 Pers·
1207 4113 1298 4168 praas.
1323 4101 1395 4154 statt

251 4175 294 4224 21.
314 4187 398 4239 aspra
411 4170 595 4238 ,‚lrrankhsft,
615 4171 775 4226 zerrdttet·‘.
828 4171 948 4227 auara.
980 4171 1037 4225 Der
1056 4169 1124 4226 Sinn
1142 4171 1190 4228 ist:
1216 4169 1312 4226 bishcr
1332 4170 1394 4226 said

217 4239 309 4296 Schon
327 4241 374 4295 bei
393 4239 448 4296 cic.
472 4259 499 4310 p.
519 4237 578 4296 Mil.
602 4247 635 4294 25
659 4241 774 4309 reipubl.
829 4240 874 4296 ihr
892 4240 1031 4312 siegreich
1049 4258 1187 4311 genesen.

211 4315 308 4377 partas
322 4327 419 4380 capras
432 4316 457 4367 rt
470 4313 602 4380 laborare,
621 4311 678 4366 und
694 4310 774 4366 aster.
866 4318 908 4368 10.
922 4314 1071 4382 poenitat.
1096 4313 1152 4367 Das
1167 4311 1242 4368 Verb
1257 4311 1396 4368 bedeutat

216 4379 275 4434 Liv.
295 4387 325 4449 5,
345 4389 360 4436 3
385 4384 461 4453 acqrs'
483 4383 775 4453 auctorisatam·
831 4384 916 4439 auch:
931 4382 1119 4439 uuuufrieden
1133 4382 1194 4440 sein
1208 4383 1405 4440 mitJemand.
