3018 4882
210 223 253 288 18
529 222 701 280 CORNELII
718 221 841 278 TAOITI
859 221 1068 278 saulceuse

211 386 411 470 firmatisque
434 383 617 470 praesidiis3
641 407 776 469 quorum
799 383 1063 451 fiduciaMonam
1085 385 1228 450 insulam
1250 387 1391 452 utrires

213 474 387 540 rebellibus
409 472 651 539 ministrantem
676 475 847 559 adgressus
870 477 964 558 terga
987 473 1151 540 occasioni
1173 473 1337 556 patefecit

160 562 202 629 15
300 561 448 647 Namque
463 561 611 627 absentia
628 563 730 648 legati
749 565 874 628 remoto
889 565 977 626 metu
991 561 1143 626 Britanni
1162 563 1287 646 agitare
1295 563 1392 628 *inter

211 674 246 717 se
265 653 351 716 mala
370 650 546 733 servitutis,
569 651 715 716 conferre
734 651 868 717 iniurias
887 653 920 714 et
937 650 1181 733 interpretando
1201 651 1390 717 accendere:

209 739 293 806 nihil
315 739 427 825 profici
449 739 609 824 patientia
629 739 694 804 nisi
717 744 754 803 ut
772 738 924 826 graviora
945 742 1112 824 tamquam
1136 761 1175 804 ex
1194 737 1284 804 facili
1306 739 1389 805 tole-

209 829 358 894 rantibus
371 828 578 913 imperentur.
616 828 761 913 singulos
776 829 840 893 sibi
858 828 935 892 olim
954 847 1047 912 reges
1062 827 1170 911 fuisse,
1188 849 1276 893 nune
1290 826 1387 894 binos

164 929 195 982 ‘5
210 917 348 1002 imponi,
376 939 393 980 e
421 917 536 1000 quibus
564 916 692 1002 legatus
719 918 754 980 in
782 916 986 1002 sanguinem,
1014 920 1206 1000 procurator
1234 917 1270 980 in
1300 917 1389 982 bona

211 1007 357 1072 saevust.
399 1026 498 1091 aeque
526 1005 719 1069 discordiam
748 1003 1023 1089 praepositorum,
1053 1026 1153 1089 aeque
1181 1004 1389 1070 concordiam

211 1093 365 1160 subiectis
390 1094 569 1158 exitiosam.
610 1093 744 1158 alterius
767 1094 853 1158 enim
876 1093 1094 1177 centuriones,
1118 1093 1251 1162 alterius
1275 1115 1388 1159 servos

210 1183 277 1248 rim
295 1185 329 1247 et
346 1182 559 1247 contumelias
577 1181 722 1247 miscere.
761 1182 845 1248 nihil
864 1183 928 1246 iarn
948 1181 1128 1265 cupiditati,
1151 1182 1234 1250 nihil
1257 1181 1388 1247 libidini

211 1274 388 1356 exceptum.
438 1271 472 1334 in
504 1270 627 1355 proelio
659 1270 829 1336 fortiorem
861 1291 930 1335 esse
962 1270 1018 1355 qui
1054 1271 1187 1354 spoliet:
1224 1292 1311 1336 nunc
1343 1271 1386 1336 ab

168 1376 200 1424 10
210 1359 337 1446 ignavis
360 1360 549 1444 plerumque
573 1363 606 1422 ct
622 1358 808 1424 imbellibus
832 1359 913 1442 eripi
936 1358 1064 1442 domos,
1087 1359 1233 1424 abstrahi
1255 1359 1387 1444 liberos,

209 1449 338 1534 iniungi
358 1449 502 1525 dilectus,
520 1450 686 1532 tamquam
704 1448 789 1513 mori
806 1451 934 1513 tantum
953 1468 1012 1530 pro
1031 1449 1138 1530 patria
1156 1444 1387 1513 nescientibus.
1500 1447 1501 1454 '

210 1538 400 1621 quantulum
420 1536 506 1600 enim
528 1533 684 1602 transisse
707 1537 856 1620 militum,
879 1536 907 1600 si
931 1555 1001 1600 sese
1020 1533 1171 1602 Britanni
1193 1533 1387 1602 numerent?

211 1626 257 1690 sic
281 1623 472 1688 Germanias
497 1625 674 1689 excussisse
702 1625 828 1710 iugum,
859 1628 891 1689 et
913 1624 1058 1709 flumine,
1084 1647 1151 1691 non
1176 1623 1304 1690 Oceano
1334 1624 1386 1689 de-

210 1712 306 1778 fendi.
348 1713 410 1777 sibi
433 1713 575 1796 patriam
599 1713 751 1798 coniuges
774 1716 934 1797 parentes,
958 1713 1023 1777 illis
1046 1713 1217 1778 avaritiam
1240 1716 1275 1776 et
1295 1713 1386 1776 luxu-

167 1803 291 1867 rtriam
315 1823 429 1866 causas
452 1802 530 1867 belli
554 1823 633 1866 esse.
673 1823 865 1886 recessuros,
890 1805 928 1866 ut
950 1801 1042 1866 divus
1065 1801 1167 1866 Iulius
1190 1802 1387 1884 recessisset,

204 1890 304 1969 ¹modo
332 1890 486 1954 virtutem
516 1890 675 1955 maiorum
703 1912 834 1955 suorum
868 1892 1114 1956 aemularentur.
1159 1911 1241 1954 neve
1270 1890 1387 1973 proelii

209 1979 304 2043 unius
329 1981 386 2042 aut
408 1978 541 2042 alterius
564 1983 682 2044 eventu
701 1983 925 2064 pavescerent:
948 1979 1022 2063 plus
1046 1979 1111 2043 illis
1134 1979 1291 2063 impetus,
1318 2001 1387 2042 ma-

208 2067 310 2132 iorem
330 2067 548 2132 constantiam
566 2088 666 2150 penes
680 2068 816 2134 miseros
836 2089 915 2133 esse.
956 2068 1022 2133 iam
1035 2065 1269 2134 Britannorum
1288 2067 1388 2131 etiam
1502 2121 1503 2140 ,

209 2156 285 2221 deos
309 2155 467 2236 misereri,
494 2157 549 2240 qui
572 2153 756 2221 Romanum
779 2156 893 2222 ducem
916 2156 1097 2240 absentem,
1125 2157 1181 2240 qui
1203 2155 1388 2240 relegatum
1502 2151 1503 2164 ¹

244 2337 286 2385 12.
314 2331 425 2397 fimare
452 2329 506 2385 fest
531 2330 594 2384 anle
616 2347 663 2396 en;
692 2347 712 2382 s.
738 2349 772 2384 au
824 2329 887 2383 hier
904 2330 963 2385 und
977 2331 1043 2385 Hor.
1064 2347 1107 2400 ep.
1125 2337 1148 2399 1,
1169 2335 1194 2398 1,
1213 2333 1246 2383 25
1261 2329 1301 2398 fg.
1329 2329 1389 2383 Der

208 2406 300 2471 cp.35,
311 2406 335 2456 4.
347 2348 772 2456 -Monnistbei'lacitusnnd
826 2399 895 2454 Sinn
913 2402 963 2456 ist:
982 2400 1041 2457 sive
1060 2399 1200 2456 discordes
1220 2401 1286 2454 sunt
1303 2416 1389 2469 prae-

208 2472 386 2528 Ptolemaeus
405 2471 450 2526 die
465 2470 540 2525 Insel
552 2471 673 2540 Anglese
699 2513 706 2539 ,
725 2470 772 2526 bei
824 2471 911 2540 positi
926 2472 984 2527 sive
999 2471 1160 2541 concordes,
1180 2487 1270 2540 aeque
1284 2469 1387 2525 exitio·

209 2543 311 2600 Caesar
325 2543 370 2598 die
385 2542 514 2598 ntrdlich
529 2542 622 2597 daron
636 2490 771 2612 gelegene
825 2559 887 2596 sum
905 2543 949 2598 est
966 2542 1107 2599 subiectis.

207 2614 281 2670 Insel
298 2614 374 2670 nan.
861 2619 885 2667 ⁵1.
905 2616 1087 2683 centuriones,
1110 2613 1155 2668 die
1179 2613 1228 2666 des
1248 2611 1387 2667 Statthal-
1503 2575 1504 2646 l

244 2692 286 2740 13.
304 2691 381 2756 terpa
394 2685 552 2753 patefacere
572 2683 610 2738 ist
629 2681 691 2738 cine
704 2699 770 2738 neu·
823 2685 894 2750 ters;
914 2700 1014 2752 seruos,
1034 2685 1083 2739 des
1102 2683 1290 2738 Procuratores.

207 2757 348 2826 gebildete
372 2756 491 2822 Phrase,
514 2753 569 2808 wie
592 2760 668 2824 terea
687 2770 769 2823 prae·
859 2759 885 2810 8.
899 2757 1017 2821 miseere,
1035 2755 1088 2811 wie
1106 2753 1171 2809 hist.
1191 2759 1220 2821 3,
1241 2760 1275 2808 74
1293 2755 1388 2808 minae
1503 2735 1504 2768 ³

206 2834 279 2883 stare
297 2843 339 2895 cp.
358 2830 409 2908 31,
425 2825 556 2894 praebere
574 2842 637 2881 ann.
659 2830 706 2894 14,
725 2831 769 2894 37,
823 2826 1046 2895 adulationesque
1063 2827 1162 2881 miscet.
1191 2841 1255 2879 ann.
1271 2829 1296 2892 1,
1316 2825 1388 2879 'lta-

202 2897 361 2967 promittere
377 2896 443 2949 hist
462 2901 492 2963 5,
512 2900 553 2949 18.
822 2897 923 2950 nimae
944 2898 1092 2966 cundiam,
1115 2901 1224 2965 questas
1246 2896 1387 2951 adulatio-

243 2967 290 3024 15.
311 2975 335 3022 2.
354 2967 571 3036 interpretando,
589 2965 678 3020 durch
696 2965 768 3020 Deu-
822 2982 869 3022 nee
886 2969 1041 3024 innectant.
1069 2967 1133 3020 hist.
1152 2973 1183 3034 3,
1202 2971 1246 3022 33.
1452 3019 1456 3026 ,

207 3041 327 3110 tungen,
355 3037 497 3092 natdrlich
524 3053 580 3093 von
606 3035 769 3122 gehassiger
858 3044 883 3093 9.
903 3043 1029 3106 exceptae
1051 3036 1105 3090 mit
1123 3036 1187 3090 dem
1206 3036 1293 3092 Dativ
1311 3036 1387 3091 nach

206 3111 266 3165 Art.
291 3140 325 3150 -
349 3109 492 3164 occanere
517 3108 571 3162 mit
596 3125 687 3162 ernem
711 3107 767 3162 Ob·
822 3108 900 3178 Virg.
923 3110 991 3162 Aen.
1011 3113 1041 3174 9,
1067 3108 1235 3174 2101me
1252 3107 1332 3164 illam
1350 3137 1387 3146 ·—

209 3181 264 3236 'eet
295 3181 345 3235 der
377 3179 465 3234 Sache
497 3180 644 3245 (iniuriae)
679 3177 769 3234 hcisst
822 3180 958 3248 cannam
971 3179 1047 3234 sorti.
1075 3177 1138 3234 Sen.
1153 3176 1189 3232 de
1207 3177 1250 3232 ira
1268 3184 1294 3246 2,
1314 3184 1339 3245 8,
1359 3184 1386 3234 6.

204 3199 268 3306 lrier
287 3251 422 3320 steigern,
447 3249 582 3306 schtrfen.
620 3249 685 3319 Vgl.
704 3267 767 3304 ann.
860 3256 901 3306 10.
920 3249 991 3317 eripi
1009 3249 1114 3315 menos,
1132 3247 1195 3304 eine
1212 3249 1387 3318 ungewthn·

208 3329 236 3391 1,
263 3327 295 3376 69
320 3321 481 3376 accendebat
503 3322 569 3375 haec
586 3322 769 3388 onerabatque
822 3319 896 3378 liobe
929 3319 1138 3387 construction,
1175 3337 1227 3374 nur
1258 3317 1387 3388 gewhhlt

207 3393 333 3448 Seianas.
381 3391 465 3445 Sonat
491 3391 626 3446 bedeutct
650 3407 679 3445 es
708 3391 767 3446 ent·
822 3407 920 3460 wegen
943 3391 993 3446 der
1015 3390 1309 3458 Uebereinstimmung
1331 3387 1387 3443 mit

207 3464 346 3530 flammea,
361 3462 526 3530 anschuren,
540 3462 612 3516 doch
626 3462 707 3516 mehr
720 3461 768 3515 bei
822 3462 885 3517 dem
909 3460 1082 3531 Folgcnden.
1125 3460 1294 3530 Regelrecht
1320 3477 1386 3514 aun.

205 3535 340 3590 Dichtern
362 3532 421 3588 und
440 3534 497 3588 erat
515 3532 568 3586 seit
585 3532 682 3587 Livius
700 3532 768 3586 htu-
823 3539 870 3602 14,
889 3539 922 3588 31
940 3533 1077 3600 pellebant
1095 3533 1227 3588 donabas.

205 3606 274 3675 figet
298 3605 328 3660 in
351 3605 400 3660 der
422 3604 521 3671 Proca,
549 3603 602 3658 wie
626 3603 768 3658 accendere
858 3609 901 3658 11.
924 3608 1063 3672 tamqnam
1089 3603 1141 3657 mit
1164 3603 1227 3656 dem
1250 3600 1387 3670 Particip,

204 3693 291 3746 men,
318 3677 426 3742 stadia,
453 3675 602 3741 inuidiam,
622 3676 768 3744 proelium,
821 3673 868 3728 bei
882 3672 978 3728 Cicero
997 3675 1055 3728 und
1071 3673 1173 3730 Caesar
1186 3671 1309 3739 fehlend,
1329 3674 1388 3727 erat

206 3747 330 3802 ardorem
345 3762 479 3828 pitanae,¹
490 3747 615 3826 dolorem.
822 3744 876 3826 seit
893 3742 991 3799 Livius
1005 3743 1179 3811 auftretend,
1200 3743 1240 3798 ist
1257 3742 1386 3800 beiTac.

206 3814 769 3954 r.2·1tttle.⁸..t.?11⁸tt⁸.“tt
821 3815 901 3942 moliti.
920 3816 1097 3941 Ftitteritarn'as.
1139 3883 1195 3938 Der
1217 3883 1314 3966 Plural
1337 3883 1386 3938 be-

205 3959 270 4014 hist.
289 3966 314 4028 3,
333 3965 366 4012 49
385 3958 458 4014 nach
473 3957 554 4026 ovid,
572 3973 627 4012 am.
642 3963 667 4025 2,
687 3963 712 4024 a,
731 3962 767 4011 55
821 3957 949 4012 aoiehnet
972 3957 1017 4011 die
1037 3955 1181 4011 einzelnen
1200 3955 1298 4010 Therle
1318 3955 1388 4010 oder

206 4031 288 4099 σπῖρα
306 4045 354 4084 nec
372 4045 405 4084 en
423 4030 518 4096 faceti,
536 4029 660 4099 quamuis
678 4030 767 4082 mani·
822 4028 1059 4084 Volkerschaften
1078 4027 1127 4082 des
1145 4026 1264 4081 Laudes.

205 4104 293 4169 festa,
309 4101 453 4168 probatur.
860 4105 901 4154 14.
921 4101 978 4154 illis
996 4098 1056 4153 scil.
1075 4097 1218 4153 Romanis.
1255 4095 1336 4150 Eben
1354 4113 1385 4152 so

243 4178 267 4227 5.
291 4174 323 4226 in
341 4173 426 4237 bona,
449 4170 515 4226 weil
533 4172 582 4226 der
599 4171 768 4226 Procurator
821 4169 861 4225 im
879 4170 1053 4240 Fulgenden:
1068 4170 1135 4238 plue
1153 4168 1210 4222 illis
1228 4167 1352 4236 impetus.

206 4243 249 4297 als
266 4243 450 4298 Hofbcamter
473 4240 519 4295 die
538 4243 695 4297 Interessen
720 4241 768 4295 des
859 4247 901 4296 15.
920 4243 1014 4307 diem,
1031 4239 1164 4296 ironiach.
1183 4262 1185 4265 ·

205 4312 318 4370 kaiserl.
337 4313 433 4368 Fiscm
450 4313 638 4368 wahrnimmt.
859 4319 900 4366 19.
915 4312 1073 4381 relocatam,
1087 4311 1118 4366 in
1132 4307 1317 4366 oratorischer
1327 4308 1386 4378 Hy·

244 4391 268 4438 6.
278 4383 335 4438 Das
346 4384 528 4441 wiederholte
538 4400 621 4454 aenae
630 4384 707 4439 steht
716 4400 769 4440 nur
822 4383 933 4453 perbeI,
952 4385 1023 4438 statt
1040 4383 1121 4453 qnasi
1138 4381 1293 4450 releuanern.
