3018 4882
592 260 669 317 011³.
689 227 803 318 aa-ssal.
1240 263 1285 328 33

101 431 238 508 inventa
259 425 433 491 Britannia
456 429 488 490 et
512 425 655 490 subacta
701 424 847 510 equidem
871 445 966 507 saepe
989 426 1024 489 in
1047 426 1186 510 agmine,
1208 442 1283 490 cum

102 539 163 582 vos
182 515 317 601 paludes
335 517 505 580 montesve
528 517 561 578 et
577 512 711 578 fiumina
729 513 914 598 fatigarent,
936 513 1106 578 fortissimi
1129 514 1283 601 cuiusque

104 627 202 672 voces
217 604 401 670 audiebam:
420 601 561 687 ‘quando
576 602 706 666 dabitur
723 601 838 686 hostis,
857 601 985 688 quando
1001 601 1120 668 acies?
1139 605 1284 686 veniunt,
1296 619 1328 669 15

104 718 123 760 e
147 693 282 759 latebris
306 693 374 757 suis
398 692 535 775 extrusi,
558 694 590 754 ct
612 695 688 756 vota
711 691 877 774 virtusque
900 691 936 755 in
959 695 1087 776 aperto,
1110 692 1284 777 omniaque

103 803 211 868 prona
229 781 407 847 victoribus
431 783 528 865 atque
547 779 658 844 eadem
676 779 769 844 victis
794 780 937 864 adversa,
959 799 1036 844 nam
1053 783 1091 844 ut
1114 797 1284 864 superasse

104 875 238 937 tantum
256 870 393 954 itineris,
413 869 511 933 silvas
532 869 678 953 evasisse,
698 869 856 934 transisse
876 869 1038 934 aestuaria
1056 869 1226 956 pulchrum
1246 893 1283 935 ac

104 962 258 1026 decorum
281 959 315 1022 in
332 958 486 1042 frontem,
507 957 554 1022 ita
573 957 772 1042 fugientibus
788 957 1066 1040 ¹periculosissima
1085 977 1168 1043 quae
1186 959 1283 1024 hodic

108 1047 329 1134 prosperrima
349 1049 437 1133 sunt3
460 1067 562 1132 neque
581 1046 667 1110 enim
686 1046 780 1111 nobis
800 1049 857 1111 aut
874 1047 1018 1111 locorum
1036 1047 1148 1112 eadem
1166 1048 1330 1112 notitiam

108 1139 167 1202 aut
189 1139 427 1202 commeatuum
450 1135 561 1199 eadem
580 1135 788 1219 abundantia,
811 1135 867 1200 sed
884 1156 1000 1199 manus
1024 1138 1058 1199 et
1080 1153 1171 1200 arma
1194 1139 1227 1200 et
1249 1137 1284 1201 in

22 1299 23 1314 ,
105 1226 159 1291 his
189 1225 309 1290 omnia.
355 1223 441 1308 quod
469 1224 509 1288 ad
537 1244 589 1287 me
612 1224 737 1309 attinet,
767 1224 834 1288 iam
860 1223 985 1308 pridem
1013 1223 1093 1288 mibi
1121 1224 1286 1290 decretum

107 1317 160 1380 est
190 1335 296 1398 neque
323 1313 478 1378 exercitus
502 1333 606 1397 neque
634 1312 724 1378 ducis
747 1316 841 1398 terga
868 1315 940 1377 tuta
968 1333 1045 1378 esse.
1090 1313 1224 1394 proinde
1253 1318 1287 1378 et

106 1403 247 1468 honesta
265 1423 353 1467 mors
375 1403 464 1486 turpi
486 1402 555 1466 vita
571 1401 687 1486 potior,
711 1404 744 1465 et
765 1401 974 1466 incolumitas
994 1423 1031 1466 ac
1054 1401 1151 1466 decus
1169 1402 1283 1467 eodem

105 1493 180 1557 loco
206 1491 271 1555 sita
289 1491 379 1572 sunt3
401 1511 460 1555 nec
483 1491 659 1576 inglorium
681 1489 780 1555 fuerit
802 1490 837 1555 in
860 1491 932 1574 ipso
950 1494 1110 1556 terrarum
1134 1509 1171 1556 ac
1188 1495 1328 1556 natu-25

106 1601 165 1646 rac
187 1579 252 1644 fine
275 1577 449 1644 occidisse?
614 1650 623 1658 ,
1401 1657 1404 1663 ,

198 1666 246 1733 ‘Si
272 1689 376 1733 novae
399 1671 511 1754 gentes
535 1671 632 1752 atque
655 1667 769 1753 ignota
792 1668 877 1733 acies
901 1668 1115 1752 constitisset,
1142 1668 1336 1734 aliorumdl

108 1757 310 1822 exercituum
333 1756 489 1840 exemplis
512 1777 570 1820 vos
598 1756 758 1822 hortarer:
785 1778 872 1822 nunc
894 1760 1004 1821 vestra
1032 1757 1148 1822 decora
1175 1779 1284 1822 recen·

108 1848 187 1924 sete,
209 1848 335 1910 vestros
362 1846 472 1911 oculos
500 1845 707 1930 interrogate.
751 1845 787 1910 hi
815 1849 891 1911 sunt
917 1867 998 1930 quos
1026 1845 1174 1930 proximo
1197 1867 1284 1912 anno

108 1956 207 1998 unam
230 1934 394 2020 legionem
417 1933 505 1999 furto
528 1935 634 1999 noctis
663 1934 833 2019 adgressos
860 1935 999 2000 clamore
1022 1934 1222 2018 debellastis3
1248 1933 1284 1998 hi

108 2027 292 2088 ceterorum
307 2021 539 2087 Britannorum
553 2022 754 2108 fugacissimi
772 2023 907 2108 ideoque
925 2027 995 2088 tam
1011 2022 1066 2086 diu
1086 2023 1284 2107 superstites.
1299 2039 1315 2088 3

109 2132 173 2196 quo
196 2111 294 2176 modo
319 2111 418 2176 silvas
441 2112 605 2196 saltusque
628 2111 873 2196 penetrantibus
899 2111 1113 2177 fortissimum
1136 2111 1284 2196 quodque

111 2199 233 2264 animal
257 2203 374 2265 contra
388 2221 490 2284 ruere,
512 2199 630 2283 pavida
649 2204 681 2265 et
702 2201 821 2266 inertia
837 2201 910 2284 ipso
931 2199 1069 2286 agminis
1088 2203 1168 2266 so'no
1187 2200 1285 2286 pelle-

110 2288 240 2368 bantur,
265 2288 311 2354 sic
335 2289 482 2355 acerrimi
504 2288 737 2355 Britannorum
759 2289 973 2374 iampridem
996 2289 1188 2374 oeciderunt,
1210 2289 1285 2354 reli-

112 2381 261 2461 quaeest
279 2399 432 2442 numerus
450 2379 643 2462 ignavorum
658 2381 691 2443 et
703 2379 924 2444 metuentium.
956 2397 1037 2462 quos
1052 2377 1138 2462 quod
1156 2377 1285 2444 tandem

148 2591 192 2642 13.
217 2588 331 2642 inorata
353 2586 390 2641 ist
414 2587 592 2642 reduerische
613 2587 672 2657 Hy·
762 2593 804 2642 23.
821 2589 939 2663 prolude
956 2614 990 2634 =
1010 2585 1188 2658 igitur,'hier
1206 2587 1286 2643 nicht

111 2658 219 2728 perbel,
239 2659 276 2713 da
288 2657 369 2713 nicht
382 2657 432 2713 das
446 2657 535 2724 band,
553 2658 673 2713 sondern
726 2660 766 2714 im
784 2657 995 2728 Wuuscbsatzc,
1014 2659 1067 2714 wie
1080 2656 1140 2714 Liu
1160 2664 1186 2728 4,
1204 2663 1248 2726 48,
1268 2665 1284 2714 3

111 2747 165 2784 nur
188 2729 234 2784 die
252 2728 433 2799 Nordgrenae
457 2727 603 2784 desselben
625 2745 672 2799 ge·
722 2747 752 2800 p.
772 2731 875 2799 quiesse
894 2732 946 2784 erit
963 2731 1066 2785 melius.
1152 2773 1159 2777 .

111 2799 219 2854 frmden
236 2798 282 2856 ist.
762 2803 805 2855 25.
826 2801 1023 2868 cataractae.
1054 2801 1087 2854 In
1105 2817 1135 2855 so
1153 2799 1216 2864 feru
1234 2800 1285 2856 das

148 2877 191 2926 15.
211 2871 334 2937 dabitur,
352 2869 405 2925 wie
421 2883 485 2927 ann.
505 2875 531 2942 2,
548 2877 580 2926 13
599 2870 672 2926 reai—
725 2871 803 2927 Mser
817 2871 859 2927 als
871 2871 1058 2941 unproductiv
1073 2871 1143 2942 galt,
1159 2871 1285 2927 erschien

102 2939 153 2996 'ret
169 2943 241 3008 dies,
259 2941 373 2997 daretur
387 2955 494 3012 pupas.
727 2943 776 2996 das
790 2943 929 2998 tusserste
937 2942 1017 2996 Land
1031 2942 1073 2997 als
1087 2943 1137 2996 das
1148 2941 1225 2997 blnda
1236 2943 1286 2998 der

149 3019 191 3068 16.
215 3018 278 3068 uota
303 3037 337 3059 =
360 3013 433 3084 qaod
461 3011 532 3068 rotis
558 3013 673 3082 optastis
725 3012 811 3069 Welt.
846 3009 910 3083 Vgl.
933 3013 1005 3067 Pnn.
1032 3029 1059 3068 n.
1085 3013 1113 3068 h.
1138 3018 1173 3068 30
1200 3018 1223 3078 3.
1251 3017 1284 3068 13

112 3083 203 3154 (Virg.
224 3085 292 3140 Aen.
314 3089 361 3153 10,
379 3087 451 3154 219).
479 3083 511 3139 ta
533 3087 627 3152 operto
650 3102 671 3138 s.
726 3086 764 3139 cd
780 3089 899 3140 acturae
916 3083 1001 3138 lauare
1016 3089 1150 3152 pervecta.

112 3171 146 3208 au
164 3171 208 3224 cp.
228 3161 252 3209 1.
761 3153 810 3210 ³4.
829 3161 854 3212 2.
869 3155 967 3211 decoro
980 3153 1043 3210 sind
1057 3153 1118 3209 bier
1131 3153 1286 3224 granumde

149 3231 191 3281 17.
201 3241 299 3296 proruo
313 3251 346 3272 ==
360 3227 488 3296 eeucado,
506 3224 610 3280 facilia.
636 3225 672 3281 So
726 3225 846 3297 Thaten,
864 3225 917 3282 wie
935 3223 996 3281 Liv.
1016 3231 1047 3292 3,
1067 3231 1100 3279 12
1119 3241 1180 3280 cam
1197 3225 1286 3282 molta

113 3295 673 3368 3331313311.133.1143333133111311
725 3297 838 3366 referret
872 3313 925 3352 soa
963 3297 1139 3367 familiaeque
1179 3295 1285 3352 decoro.

111 3367 672 3495 qrtcgrlqrtqrgqaqaelqsecalgeqssselgevffiquse
726 3374 787 3494 214’.
795 3373 892 3495 4ribam
910 3441 1055 3510 lepioaem,
1080 3457 1101 3494 s.
1121 3455 1163 3509 cp.
1183 3443 1226 3493 26.
1250 3469 1284 3477 -

114 3509 208 3563 maala
220 3508 376 3564 aotiatata
391 3516 528 3578 333311,-
543 3511 589 3564 sia
601 3515 673 3563 meta
726 3511 804 3579 farto
821 3512 910 3566 acetis
933 3512 1004 3566 etatt
1021 3511 1122 3578 fraude
1139 3514 1285 3575 andurae,

101 3581 280 3647 ,omserimaa
298 3580 390 3636 eadem
403 3581 454 3636 illu
468 3583 586 3636 aduorso
599 3579 672 3648 teat.
725 3582 799 3636 nach
817 3581 895 3654 Virg.
911 3582 979 3638 Aen.
999 3586 1025 3651 9,
1044 3587 1095 3636 337
1113 3579 1286 3648 fraudatori

149 3655 194 3706 18.
222 3651 334 3706 madere
361 3651 432 3707 eben
460 3668 491 3707 so
524 3649 675 3706 construirt
727 3657 752 3708 et
778 3654 868 3708 auctis
894 3683 930 3693 -
956 3667 1121 3722 oppressam.
1154 3649 1230 3707 curt.
1244 3654 1285 3718 1,

112 3737 178 3776 aun.
194 3728 223 3790 1,
238 3727 271 3776 51
287 3737 392 3777 erucae
409 3723 500 3777 311333.
526 3727 556 3790 b,
572 3727 605 3778 10
625 3739 673 3776 aa·
729 3729 812 3793 13,9
835 3741 908 3779 mccc
926 3739 987 3778 aero
1004 3723 1108 3794 gloriae
1127 3753 1161 3763 —
1177 3723 1287 3790 fartam

112 3794 220 3862 paruas
243 3794 356 3863 Isthmi,
384 3793 457 3848 narb
480 3793 541 3847 Liv.
565 3799 612 3861 21,
640 3799 673 3848 32
727 3796 815 3850 acetis
833 3795 938 3850 obstare
955 3811 1012 3850 roa
1028 3795 1133 3864 potior.

113 3863 171 3918 und
189 3877 241 3918 vor
258 3863 317 3919 ihm
336 3865 421 3920 echon
440 3864 487 3919 bei
504 3863 647 3920 Dichtern.
760 3871 785 3922 3.
813 3871 972 3934 ceterorum,
1000 3867 1074 3920 nach
1096 3864 1286 3936 griechischer

150 3940 192 3988 13.
212 3934 245 3989 ia
258 3934 374 4001 frontem
391 3935 527 3991 bedentet
546 3933 608 4003 „tur
622 3935 671 3990 das
725 3936 819 3992 Weiss
846 3936 1052 4007 pleonastirch,
1079 3935 1124 3994 ,131
1150 3935 1284 3992 silbernes

113 4005 315 4075 Voturingenr
349 4008 420 4063 statt
452 4005 673 4078 appredieatabas
725 4009 834 4064 Latein.
850 4037 884 4049 -
898 4008 931 4062 In
950 4008 1122 4078 fapoeassamr
1140 4007 1213 4078 hsgt
1228 4006 1284 4062 dia·

112 4075 154 4130 im
182 4075 339 4146 ngensatr
366 4096 399 4132 ru
430 4079 495 4135 dem
522 4075 673 4148 folgenden
727 4080 803 4134 selba
821 4077 963 4148 Hyperbel
979 4077 1033 4133 wie
1052 4095 1115 4134 ann.
1134 4085 1166 4148 2,
1186 4082 1218 4132 15
1237 4077 1285 4132 bos

112 4147 292 4218 fvsieblilms·
726 4165 780 4206 esse
797 4147 938 4205 Roraaaoe
956 4149 1076 4206 Variani
1093 4149 1227 4206 conatus
1239 4149 1285 4215 fa-

149 4223 193 4273 22.
212 4219 280 4273 mibi
297 4219 431 4274 3133331333
449 4225 488 4276 est
510 4223 582 4276 etatt
598 4221 673 4275 iadi-
725 4221 891 4292 pacissima.
1260 4274 1265 4281 .

22 4297 27 4348 Ι
113 4290 185 4356 caci,
200 4289 264 4344 sehr
274 4290 577 4360 selten,dochtbn1icb
587 4292 672 4348 sehon
763 4297 787 4350 1.
806 4307 885 4348 ruere
901 4291 940 4348 ist
957 4292 1076 4348 Perfert.
1112 4290 1169 4345 Der
1186 4289 1284 4346 Plural

115 4359 171 4414 Oic.
184 4360 252 4417 fam.
272 4366 298 4430 2,
318 4368 342 4429 6,
361 4368 377 4416 3
396 4363 428 4417 r'a
441 4377 494 4433 qao
507 4365 601 4421 munio
614 4381 673 4420 meo
726 4365 800 4422 nach
817 4364 929 4434 quisque
948 4363 1020 4419 aaa
1036 4363 1084 4418 bei
1103 4361 1169 4418 Tac.
1238 4373 1240 4376 ·

107 4432 206 4500 posito
223 4447 277 4486 esse
295 4433 406 4490 decrevi.
762 4439 787 4492 9.
806 4449 873 4505 paor
890 4436 962 4504 qaod
981 4437 1028 4489 ctt.
1043 4432 1097 4488 mit
1110 4432 1285 4505 Auslassuug

168 4531 221 4570 Tae.
235 4529 353 4580 Agricola.
1030 4505 1071 4576 κ3
