3018 4882
617 225 828 312 mmmm
1265 226 1306 291 Μ

98 455 103 460 ,
129 387 273 454 dominis
293 388 437 453 aluntur:
455 387 628 453 Britannia
647 388 835 453 servitutem
855 387 1106 471 suamquotidie
1125 390 1211 474 emit,
1231 412 1307 475 quo-

129 477 210 542 tidie
223 476 340 560 pascit.
377 497 415 542 ac
433 477 518 542 sicut
535 477 569 540 in
589 476 713 542 familia
730 475 972 542 recentissimus
991 477 1125 561 quisquo
1142 489 1319 544 servorum·

128 567 229 632 otiam
252 565 418 630 conservis
441 565 582 631 ludibrio
607 568 669 647 est,
695 566 740 631 sio
763 566 798 630 in
820 563 883 630 hoo
907 565 995 629 orbis
1018 568 1176 630 terrarum
1200 570 1307 631 vetere
1319 584 1354 632 10

128 653 289 720 famulatu
313 653 390 718 nori
417 675 478 720 nos
503 656 535 718 et
563 654 643 719 viles
671 655 707 719 in
731 653 890 718 excidium
912 653 1066 738 petimur,
1094 656 1307 738 nequeenim

131 765 211 808 arva
233 743 330 807 nobis
355 745 412 806 aut
434 743 565 806 metalla
589 745 646 808 aut
667 744 782 826 portus
805 745 888 825 sunt,
916 742 1033 825 quibus
1057 742 1237 810 exercendis
1260 765 1308 809 re-

130 853 302 898 servemur.
338 831 441 898 virtus
455 853 552 916 porro
572 852 610 896 ac
628 830 750 896 ferocia
765 830 979 895 subiectorum
999 831 1129 916 ingrata
1146 831 1307 916 imperan-

128 921 230 1004 tibus3
259 922 293 983 et
313 918 537 1004 longinquitas
567 941 604 984 ao
632 919 791 984 secretum
818 919 924 1001 ipsum
954 941 1017 1003 quo
1045 921 1161 1004 tutius,
1189 942 1226 984 eo
1255 942 1306 985 su-

132 1009 284 1093 spectius.
329 1008 376 1072 ita
399 1008 528 1073 sublata
551 1029 609 1092 spe
630 1005 742 1072 veniae
765 1007 897 1072 tandem
921 1007 1039 1072 sumite
1058 1009 1216 1092 animum,
1238 1008 1352 1074 tam¹5

131 1097 248 1181 quibus
264 1096 351 1160 salus
365 1118 463 1181 quam
477 1097 593 1182 quibus
608 1097 713 1181 gloria
727 1095 898 1161 carissima
911 1099 969 1162 est.
996 1093 1172 1180 Brigantes
1185 1097 1308 1162 femina

129 1185 209 1250 duce
232 1205 364 1249 exurere
393 1185 583 1269 coloniam,
598 1183 783 1270 expugnare
811 1188 933 1268 castra,
961 1207 998 1250 ao
1024 1186 1090 1249 nisi
1111 1184 1250 1250 felicitas
1273 1186 1308 1249 in

129 1273 312 1339 socordiam
336 1273 500 1357 vertisset,
527 1294 641 1338 eruere
665 1274 777 1358 iugum
800 1277 949 1356 potuere:
978 1295 1038 1339 nos
1061 1273 1180 1358 integri
1203 1278 1237 1338 et
1259 1275 1307 1338 in-

130 1362 245 1427 domiti
274 1361 364 1425 etin
387 1361 586 1445 libertatem,
607 1383 676 1427 non
698 1363 733 1427 in
759 1362 994 1446 paenitentiam
1018 1362 1179 1445 bellaturi,
1201 1362 1306 1446 primo

130 1451 243 1516 statim
275 1469 452 1534 congressu
479 1450 699 1534 ostendamus,
734 1472 815 1535 quos
849 1450 911 1514 sibi
940 1449 1116 1516 Caledonia
1142 1451 1230 1516 viros
1259 1449 1352 1514 se-20

130 1539 293 1624 posuerit!

221 1625 283 1690 'An
303 1627 438 1691 eandem
458 1626 615 1692 Romanis
638 1628 673 1691 in
692 1627 780 1692 bello
798 1626 953 1692 virtutem
979 1649 1076 1711 quam
1099 1627 1133 1691 in
1158 1648 1239 1710 pace
1261 1609 1361 1692 la-32

132 1715 266 1783 sciviam
290 1715 402 1780 adesse
426 1715 578 1780 creditis?
602 1715 722 1782 nostris
746 1716 795 1779 illi
808 1715 1064 1781 dissensionibus
1083 1737 1122 1780 ac
1140 1714 1307 1790 discordiis

13 1869 14 1874 ,
130 1804 210 1869 clari
228 1804 310 1868 vitia
328 1803 473 1869 hostium
491 1805 525 1867 in
543 1804 681 1889 gloriam
700 1804 858 1869 exercitus
878 1804 927 1868 sui
946 1807 1091 1887 verttmt3
1116 1825 1211 1889 quem
1231 1825 1306 1869 oon·

127 1895 269 1958 tractum
296 1913 336 1956 ex
360 1892 587 1958 diversissimis
610 1892 763 1978 gentibus
791 1895 828 1956 ut
851 1891 1011 1957 secundae
1033 1914 1085 1956 res
1108 1896 1231 1976 tenent,
1259 1892 1306 1956 ita

129 1981 283 2046 adversae
302 1981 493 2047 dissolvent:
516 1981 581 2045 nisi
600 1983 627 2046 si
642 1979 754 2047 Gallos
770 1983 803 2044 et
817 1978 998 2046 Germanos
1018 1984 1050 2044 et
1068 1977 1183 2066 (pudet
1201 1978 1337 2067 diotu)5

127 2068 360 2135 Britannorum
390 2071 575 2155 plerosque,
606 2071 683 2135 licet
710 2069 926 2134 dominationi
958 2069 1082 2134 alienae
1114 2070 1305 2154 sanguinem

127 2158 341 2242 commodent,
364 2159 486 2224 diutius
507 2162 619 2224 tamen
640 2159 870 2243 hostesquam
893 2177 1013 2242 servos,
1034 2157 1098 2222 fide
1121 2160 1154 2221 et
1177 2157 1305 2222 adfectu

126 2247 233 2312 teneri
255 2247 389 2330 putatis.
434 2250 540 2314 metus
564 2269 602 2312 ac
623 2249 732 2313 terror
753 2250 830 2312 sunt
855 2247 987 2311 infirma
1009 2247 1118 2312 vincla
1146 2247 1304 2330 caritatis3

128 2357 210 2420 quae
223 2335 279 2400 ubi
293 2336 478 2420 removeris,
498 2335 680 2420 quitimere
695 2336 859 2419 desierint,
878 2335 984 2399 odisse
997 2335 1163 2418 incipient.
1196 2335 1305 2400 omnia

128 2424 283 2489 victoriae
302 2424 515 2490 incitamenta
532 2447 592 2508 pro
611 2425 706 2490 nobis
727 2427 815 2489 sunt:
839 2424 948 2489 nullae
966 2422 1132 2489 Romanos
1151 2424 1304 2508 coniuges
1316 2420 1349 2469 10

128 2513 322 2591 accendunt,
348 2514 430 2577 nulli
454 2515 604 2596 parentes
628 2514 742 2598 fugam
765 2512 992 2596 exprobraturi
1015 2514 1106 2596 sunt,
1135 2515 1192 2576 aut
1213 2513 1305 2577 nulla

165 2693 190 2742 8.
209 2688 331 2756 gemidia
344 2689 415 2754 coeit,
434 2687 530 2742 iudom
545 2687 595 2741 das
609 2686 690 2742 Land

129 2757 184 2812 mit
201 2757 298 2814 seinen
316 2758 454 2828 Abgaben
473 2758 519 2812 die
537 2754 689 2812 Unterdrfi·

128 2828 194 2883 oker
213 2829 305 2884 nabit.

164 2898 466 2968 11.oilcs„werthlos“,
475 2898 521 2953 fir
531 2899 688 2970 dieSieger.

167 2993 209 3042 12.
229 2988 269 3042 Zu
284 2993 384 3058 portus
401 2987 480 3056 passi
494 2986 544 3041 das
557 2987 689 3057 folgende

130 3059 285 3114 nocendis
307 3077 360 3113 nur
383 3057 471 3112 durch
493 3057 539 3112 ein
557 3059 688 3128 Zeugma,

126 3128 156 3184 in
178 3145 210 3184 so
237 3129 299 3183 fern
320 3128 541 3184 Haienarbeiten
565 3128 691 3198 gemeint

129 3198 199 3254 siud
233 3231 267 3240 -
300 3201 340 3254 Zu
373 3217 442 3254 arva
474 3215 594 3254 acerem
630 3199 688 3269 vgl.

95 3317 104 3330 .
129 3269 219 3329 Germ.
240 3276 274 3326 30
298 3272 347 3340 qut
369 3271 521 3325 dewmotcs
545 3285 625 3341 aoros
644 3287 689 3324 ar-

128 3347 222 3397 orent.
264 3341 345 3396 Naoh
368 3340 475 3412 Virgil:
499 3342 688 3412 tamewo-

128 3413 183 3468 lum
201 3429 329 3468 moros.
349 3443 382 3452 -
402 3413 502 3482 quitus
526 3413 688 3468 merendis.

127 3483 219 3538 Ueber
238 3484 291 3538 den
306 3482 426 3538 Dativus
446 3481 593 3553 gerundivi
612 3501 633 3537 s.
653 3501 688 3537 au

128 3561 373 3697 “Pijboemmm
404 3640 687 3711 Abgosohiedenheit,

125 3711 335 3782 Entlegenheit.
409 3767 414 3773 ,

58 3817 69 3838 ·
165 3807 205 3856 15.
228 3817 333 3856 samm
351 3801 476 3856 ooimwn
499 3800 599 3868 „einen
617 3801 687 3854 Ent-

129 3873 236 3928 scbluss
262 3872 374 3928 fassam‘
402 3871 441 3925 ist
467 3869 687 3938 nachklassisch‚

127 3944 199 3998 auch
216 3943 283 3998 hist
303 3949 327 4011 l,
342 3949 376 3999 27
400 3943 523 3997 animam
541 3957 575 3995 ea
593 3947 688 3999 wenta

128 4015 272 4084 sumptui.
312 4013 372 4068 Scit
388 4013 450 4069 Liv.
469 4031 496 4067 u.
517 4009 599 4068 Ovid.

164 4109 205 4157 16.
230 4102 306 4158 stete
330 4100 381 4154 der
397 4101 552 4171 Briganten
575 4099 688 4155 werden

743 2687 770 2741 b.
792 2692 845 2741 ct
875 2691 925 2753 '133
943 2687 1013 2740 wird
1033 2684 1088 2740 seit
1100 2685 1197 2740 Livius
1215 2685 1305 2739 hsufi-

743 2729 1303 2827 mfflfflammmmmm

780 2833 822 2882 19.
842 2828 874 2881 tn
891 2826 1055 2882 bezeichnet
1074 2827 1124 2882 das
1142 2827 1281 2882 Besultat.

779 2897 828 2953 82.
855 2903 881 2952 ὁ.
904 2899 962 2954 otei
980 2898 1053 2952 siin
1072 2898 1122 2952 der
1140 2899 1304 2968 Bedeutung

744 2969 794 3024 des
812 2969 971 3024 ironischen
985 2970 1044 3023 nisi
1056 2969 1127 3036 forte
1141 2968 1218 3023 steht
1231 2969 1304 3024 auch

742 3039 790 3094 bei
807 3039 863 3094 Oic.
879 3039 959 3094 Catil.
975 3045 999 3108 2,
1014 3045 1032 3094 4
1050 3041 1107 3094 niet
1124 3055 1185 3094 acro
1198 3041 1225 3093 ss'
1242 3041 1304 3108 qvas

744 3116 784 3165 cst
800 3111 849 3180 qui
867 3111 917 3164 ott.
948 3109 1063 3176 Quintil.
1078 3115 1104 3178 4,
1119 3117 1143 3178 1,
1159 3116 1193 3165 ‘10
1208 3110 1265 3163 nisi
1278 3111 1304 3164 si

744 3183 792 3236 cui
814 3182 945 3252 displicet.
970 3212 1004 3220 -
1025 3182 1111 3249 podet
1128 3181 1205 3235 dieto
1223 3181 1305 3249 (statt

744 3253 842 3320 duae)
861 3251 899 3306 ist
917 3245 967 3306 ἅπ.
983 3249 1033 3321 sic.
1048 3251 1089 3304 im
1102 3251 1213 3321 Latein,
1231 3251 1304 3306 naob

744 3322 882 3448 {lnalfgie
900 3338 956 3378 von
965 3324 1128 3392 pudendm
1142 3323 1219 3378 Mota
1236 3322 1302 3377 hist.

767 3436 775 3462 ‚
795 3401 811 3448 s
831 3435 836 3447 .

780 3470 805 3519 7.
820 3465 989 3519 comotodare
1002 3463 1042 3517 im
1057 3463 1141 3518 Sinna
1155 3479 1211 3518 von
1222 3479 1303 3531 prae-

744 3535 805 3590 bere
822 3535 895 3590 nach
914 3535 974 3590 Liv.
995 3540 1042 3602 34,
1063 3541 1095 3588 12
1118 3550 1153 3588 nc
1173 3549 1241 3589 suas
1262 3534 1302 3588 oi·

742 3605 1301 3742 sarcitectores}-

742 3749 820 3802 aedes
834 3748 1009 3802 omnmodare.
1025 3777 1058 3788 -
1076 3718 1200 3813 adfectus
1214 3717 1303 3814 (sonet

741 3835 794 3872 nur
830 3817 982 3899 allgemein
1013 3816 1063 3872 der
1103 3816 1303 3885 „Gemfithssu-

742 3888 854 3959 stand“)
872 3890 911 3942 1st
926 3888 957 3942 in
969 3887 1062 3943 dieser
1076 3887 1242 3958 Bedeutung
1256 3888 1303 3942 sil·

743 3959 843 4015 bernes
857 3960 966 4027 Latein,
986 3959 1032 4012 bei
1046 3958 1160 4015 Tacitus
1179 3953 1228 4014 du.
1249 3956 1300 4013 si.

744 4030 828 4086 donst
846 4032 910 4099 sagt
929 4046 959 4084 er
977 4029 1058 4084 datur
1076 4030 1202 4096 adfectio.

780 4106 821 4156 10.
828 4117 883 4170 pro
891 4101 979 4170 notis,
989 4100 1043 4156 wie
1052 4100 1117 4156 bist.
1125 4107 1150 4169 4,
1162 4103 1303 4155 remorta

127 4171 157 4225 in
174 4174 229 4228 den
246 4171 376 4228 Annales
395 4175 449 4240 (14,
464 4175 509 4240 31)
527 4170 574 4226 die
592 4170 688 4225 Icener
737 4187 794 4240 pro
816 4172 938 4226 testibus
960 4177 1048 4227 nant.
1086 4172 1124 4226 So
1146 4171 1238 4224 auerst
1255 4169 1301 4224 bei

128 4261 155 4297 u.
176 4244 369 4298 Trinobanten
386 4245 519 4312 genennt
544 4242 601 4296 Der
618 4240 687 4295 Aui-
743 4242 1211 4313 Sall.Jug.ossoctemproseraa,
1226 4240 1302 4295 daun

131 4315 213 4370 stand
226 4313 264 4368 ist
277 4314 417 4369 derantur
427 4312 575 4381 Boudicca,
592 4329 634 4382 cp.
644 4319 686 4367 16.

166 4390 207 4440 18.
221 4389 322 4441 semro
335 4382 508 4453 intrandtiv,
523 4385 594 4440 auch
609 4383 687 4439 Caes.

742 4315 815 4368 ditor
836 4313 884 4368 bei
901 4313 997 4368 Livius
1015 4333 1037 4367 a.
1057 4313 1088 4366 B.
1113 4317 1142 4379 9,
1161 4317 1198 4365 24
1219 4317 1245 4366 ct
1263 4313 1300 4367 lo·

743 4401 791 4439 eus
805 4400 860 4454 pro
877 4385 954 4439 uobis
971 4391 998 4440 et
1014 4399 1071 4440 noa
1089 4383 1148 4438 crit.
