3018 4882
190 245 235 310 30
509 241 683 297 CORNELII
703 239 826 296 TACI'PI
843 239 1052 297 AGRICOLAE

160 422 340 473 tseomum
362 405 540 470 inminente
562 405 657 470 nobis
685 405 787 470 olasse
810 404 966 469 Romana.
1011 403 1059 467 ite
1085 403 1245 486 proelium
1270 406 1370 489 atque

191 517 295 578 arma,
323 515 406 579 quae
431 493 571 558 fortibus
598 493 749 577 honesta,
777 493 891 558 eadem
919 492 1018 556 etiam
1045 492 1172 576 ignaris
1201 491 1368 558 tutissima

191 586 276 648 sunt.
317 582 442 666 priores
461 602 599 666 pugnae,
622 582 739 666 quibus
758 581 911 646 adversus
932 580 1097 646 Romanos
1119 580 1213 645 varia
1234 580 1367 646 fortuna

192 673 350 738 sertatum
368 673 426 754 est,
449 691 539 754 spem
559 691 596 736 ao
619 670 798 735 subsidium
816 669 851 733 in
873 670 994 735 nostris
1016 669 1168 734 manibus
1191 667 1368 754 habebant,

192 759 269 845 quia
290 758 488 824 nobilissimi
510 758 613 824 totius
635 757 825 824 Britanniae
849 779 950 843 eoque
979 758 1015 821 in
1041 757 1124 842 ipsis
1144 758 1370 842 penetralibus

148 865 181 914 10
192 849 249 914 siti
275 869 336 912 neo
364 846 570 912 servientium
593 847 690 913 litora
718 847 926 932 aspicientes,
954 847 1064 912 oeulos
1093 867 1220 932 quoque
1247 868 1267 910 a
1290 867 1369 912 eon-

191 1025 326 1090 bertdtis
350 1027 511 1090 extremos
534 1045 679 1090 recessus
707 1025 778 1108 ipse
800 1045 838 1090 ao
864 1023 955 1089 sinus
978 1023 1086 1089 famae
1113 1023 1148 1087 in
1169 1024 1257 1088 hune
1279 1023 1368 1087 diem

190 1111 346 1178 defendit:
365 1134 452 1179 nuno
470 1113 627 1178 terminus
647 1111 838 1178 Britanniae
856 1115 957 1196 patet.
994 1113 1085 1195 atqui
1104 1131 1200 1176 omne
1214 1112 1366 1196 ignotum

189 1221 249 1286 pro
273 1201 446 1285 magnifico
470 1205 533 1286 est3
557 1201 614 1266 sed
636 1201 726 1266 nulla
749 1202 815 1266 iam
834 1202 922 1266 ultra
944 1221 1034 1286 gens,
1055 1200 1139 1266 nihil
1159 1200 1224 1264 nisi
1246 1201 1367 1266 fluetus

146 1294 224 1355 rtet
247 1311 335 1372 saxa,
358 1292 391 1353 et
412 1289 599 1354 infestiores
619 1289 771 1374 Romani,
794 1311 932 1375 quorum
956 1288 1140 1373 superbiam
1163 1287 1286 1354 frustm
1308 1309 1369 1373 per

190 1377 381 1463 obsequium
409 1398 446 1442 ae
469 1377 662 1442 modestiam
685 1378 844 1462 effugeris.
889 1381 1037 1461 raptores
1059 1377 1163 1459 orbis,
1191 1380 1366 1461 postquam

189 1471 304 1532 ounote
327 1465 532 1530 vastantibus
555 1465 684 1531 defuere
707 1470 828 1549 terrae,
853 1467 977 1531 iamet
1001 1487 1090 1530 mare
1114 1468 1311 1548 scrutantu13
1336 1467 1366 1530 si

189 1556 333 1638 locuples
351 1553 456 1618 hostis
475 1558 533 1637 est,
552 1554 650 1640 avari,
670 1555 698 1619 si
715 1576 848 1639 pauper,
866 1555 1040 1637 ambitiosi,
1058 1573 1139 1637 quos
1158 1574 1226 1620 non
1239 1552 1367 1637 Oriens,

189 1665 256 1708 non
274 1641 431 1708 Ooeidens
455 1642 637 1707 satiaverit:
662 1643 725 1708 soli
743 1644 887 1709 omnium
907 1663 984 1726 opes
1008 1645 1104 1727 atque
1126 1643 1270 1726 inopiam
1292 1641 1365 1726 pari

146 1747 180 1798 20
191 1731 319 1798 adfeotu
338 1731 578 1814 concupiscunt.
616 1731 741 1797 auferre
759 1731 920 1796 truoidare
933 1751 1047 1814 rapere
1065 1731 1157 1796 falsis
1176 1730 1365 1796 nominibus

189 1820 373 1904 imperium,
396 1823 493 1903 atque
516 1820 572 1884 ubi
596 1820 804 1885 solitudinem
827 1819 966 1902 fatiunt,
989 1839 1104 1904 paoem
1127 1818 1312 1902 appellant!

136 1908 177 1973 31
278 1906 426 1974 ’Liberos
445 1908 560 1991 euique
578 1929 616 1974 ao
634 1909 834 1994 propinquos
854 1930 930 1974 suos
948 1911 1067 1973 natura
1085 1907 1273 1972 carissimos
1292 1927 1363 1972 esse

189 1997 307 2082 voluit3
330 1996 365 2060 hi
388 2017 445 2079 per
468 1995 605 2062 dilectus
630 1998 709 2063 alibi
732 1997 885 2062 servituri
908 1996 1111 2080 auferuntur3
1135 1996 1289 2081 coniuges
1313 2017 1366 2061 so·

189 2106 343 2170 roresque
367 2085 466 2148 etiam
490 2085 518 2150 si
541 2085 695 2150 hostilem
717 2085 886 2150 libidinem
905 2085 1070 2170 effugiant,
1092 2085 1222 2148 nomine
1246 2084 1365 2150 amieo·

188 2195 261 2238 rum
280 2177 378 2260 atque
392 2173 559 2257 hospitum
574 2175 771 2258 polluuntur.
808 2174 896 2239 bona
913 2173 1126 2256 fortunaeque
1139 2173 1174 2236 in
1192 2173 1365 2256 tributum,

158 2277 268 2346 sager
291 2265 389 2346 atque
413 2283 516 2326 annus
535 2262 571 2325 in
588 2262 798 2346 frumentum,
821 2284 958 2347 eorpora
981 2263 1055 2345 ipsa
1073 2283 1111 2325 ao
1134 2281 1250 2326 manus
1275 2261 1365 2326 silvis

190 2371 228 2414 ao
251 2350 423 2434 paludibus
447 2350 650 2416 emuniendis
678 2351 764 2416 inter
790 2351 927 2416 verbera
950 2371 988 2416 ae
1018 2350 1230 2416 contumelias
1254 2353 1362 2414 oonte-

188 2442 313 2503 runtur.
358 2442 436 2504 nata
459 2440 607 2506 servituti
631 2440 795 2523 mancipia
818 2441 917 2504 semel
940 2442 1091 2523 veneunt,
1114 2441 1210 2523 etque
1233 2438 1318 2502 ultro
1344 2459 1365 2502 a

225 2637 250 2686 6.
281 2634 369 2697 tulus,
397 2629 458 2684 hier
487 2630 608 2698 „Sohutz
635 2632 748 2700 geuth-
840 2637 880 2686 13.
908 2631 988 2700 utqui
1010 2630 1066 2697 (fur
1088 2630 1138 2684 das
1157 2627 1303 2683 handsohr.
1323 2634 1364 2683 at-

188 2699 284 2769 rend“,
297 2700 370 2756 naeh
380 2699 486 2756 Sallust
495 2700 556 2756 Cat.
566 2708 608 2758 58.
629 2701 693 2771 Jug.
706 2708 747 2757 74.
802 2705 863 2771 que)
891 2701 1056 2756 bezeichnet
1082 2702 1155 2755 statt
1181 2705 1211 2754 at
1239 2698 1307 2754 oder
1334 2704 1366 2756 at

226 2778 249 2826 7.
270 2787 396 2840 popone,
415 2771 612 2841 persenilieirt3
636 2773 694 2844 vgl.
714 2791 748 2828 au
802 2775 874 2828 enim
893 2773 974 2827 einen
992 2770 1131 2826 Einwurfz
1154 2770 1240 2838 „aber
1263 2787 1292 2824 es
1309 2769 1365 2840 gilt

188 2859 231 2910 op.
251 2847 299 2908 22,
320 2846 343 2896 1.
804 2843 830 2898 'a
844 2841 1360 2898 allesUnbekanntefdrbedentend“·

225 2919 249 2967 9.
265 2927 345 2980 eoque
359 2911 434 2980 „und
448 2911 592 2980 deshalb“‚
607 2915 667 2969 also
683 2914 748 2969 weil
827 2930 859 2970 as
877 2913 961 2969 Wort
978 2913 1055 2968 steht
1072 2911 1119 2967 bei
1133 2914 1199 2968 Tae.
1218 2926 1271 2966 nur
1288 2912 1363 2967 nooh

188 2981 454 3038 sieAutoehthonen
467 2981 538 3049 sind,
553 3001 608 3038 von
621 2984 748 3039 fremden
802 3001 866 3040 ann.
886 2991 911 3053 3,
930 2990 973 3040 54.
1006 2983 1059 3038 Die
1073 2984 1239 3052 Bedentung
1256 2982 1295 3036 ist
1309 2981 1359 3036 der

187 3053 405 3109 Binwandetern
423 3053 585 3108 unberfihrt
802 3055 847 3111 ob'
869 3071 905 3110 en
923 3055 1038 3110 ehnlieh
1051 3054 1097 3109 bei
1112 3053 1168 3109 cio.
1182 3053 1258 3109 Brut.
1274 3058 1297 3118 §-
1308 3059 1361 3108 28⁷

224 3131 266 3180 10.
280 3125 337 3191 siti,
351 3139 407 3179 von
421 3123 555 3194 leke'm,
569 3125 622 3180 wie
637 3143 701 3184 ann.
713 3133 745 3181 12
801 3144 828 3180 u.
864 3142 907 3182 en.
927 3126 964 3180 ad
977 3125 1057 3180 Helv.
1073 3131 1098 3193 9,
1112 3131 1137 3179 2.
1166 3123 1275 3180 Darauf
1286 3123 1363 3193 folgt

187 3201 221 3249 10
254 3196 362 3265 lonpius
393 3196 460 3249 sitos
491 3195 619 3251 caedibus
646 3198 747 3252 eubon-
801 3198 843 3252 ale
862 3195 1065 3266 Widerlegung
1082 3196 1132 3251 der
1145 3195 1292 3252 Godankez
1311 3194 1362 3250 lei·

185 3271 255 3330 stom
277 3267 350 3320 naoh
370 3263 482 3321 Sallust.
505 3266 546 3320 im
564 3266 625 3321 silb.
645 3267 746 3322 Zeital-
801 3269 851 3322 der
874 3272 987 3322 musaeu
1009 3266 1060 3320 wir
1081 3267 1154 3336 jetat
1180 3283 1231 3322 aus
1255 3266 1363 3320 diesem

186 3338 238 3390 ter.
258 3367 291 3375 —
310 3337 497 3405 sevientium,
522 3337 571 3392 sol.
591 3338 745 3395 Gallorum.
800 3339 920 3393 Nimbus
953 3337 1003 3392 der
1033 3339 1122 3408 ipnots‘
1156 3337 1361 3406 heraustreten,

186 3438 220 3447 —
240 3411 376 3472 comante,
395 3407 445 3460 auf
455 3409 546 3462 enetos
559 3408 691 3478 beregen,
708 3408 747 3464 ist
802 3409 876 3463 denn
898 3407 991 3464 hinter
1013 3426 1066 3462 uns
1085 3407 1149 3462 sind
1167 3407 1213 3463 die
1231 3407 1360 3462 Gr'dnaen

186 3476 301 3532 uhnlieh
324 3477 387 3531 dem
409 3477 657 3534 nachklassisohen
684 3495 745 3534 eore-
801 3480 850 3535 des
869 3479 979 3535 Laudes
1000 3479 1058 3534 und
1076 3495 1127 3534 ror
1144 3496 1196 3534 uns
1215 3479 1291 3534 steht
1310 3478 1362 3533 der

186 3554 301 3604 tractare
319 3548 405 3604 omelia
423 3565 486 3604 ann.
506 3555 531 3617 3,
552 3555 593 3606 12.
801 3550 898 3607 Feind.

224 3626 264 3674 11.
279 3620 430 3674 inuiolatus
443 3619 496 3673 mit
510 3620 560 3674 der
573 3621 687 3691 Prtpos.
702 3623 747 3688 ab,
838 3627 879 3676 15.
898 3622 1065 3688 infestiores,
1083 3620 1142 3678 soil
1161 3636 1246 3688 quam
1259 3620 1361 3674 fluetus

187 3689 241 3744 wie
267 3690 339 3744 Just.
368 3696 397 3758 2,
426 3697 443 3744 3
470 3691 527 3760 ipsi
549 3697 683 3762 perpetuo
711 3694 746 3748 ab
801 3693 831 3747 et
848 3709 924 3748 saxa.

187 3761 276 3814 aliem
301 3761 416 3828 illim
440 3766 491 3815 “lli
512 3763 612 3818 inimi
635 3769 686 3818 aot
703 3765 746 3818 ill·
838 3785 878 3835 17.
902 3781 960 3835 ium
983 3785 1008 3835 et
1030 3781 1094 3850 sagt
1112 3780 1176 3834 Tae.
1195 3779 1296 3834 immor
1314 3778 1362 3833 fdr-

185 3831 252 3885 ‘’⁶⁶²''
279 3847 408 3886 mamm.
450 3831 510 3915 ,⁰325
543 3833 615 3887 Pur.
651 3840 746 3904 1³‚4
800 3851 850 3905 aas
868 3851 1087 3922 uueunngenoe
1104 3852 1162 3906 um
1180 3851 1268 3905 eam.

186 3906 263 3957 costo
280 3918 299 3954 a
317 3917 412 3956 eruore
429 3903 512 3956 ossele
1135 3955 1157 3967 ,ι
1225 3957 1231 3967 ¹

223 3979 264 4028 12,
283 3987 400 4026 recessus
418 4003 451 4012 -
470 3974 562 4039 famae
585 3973 652 4042 „die
675 3976 744 4030 Eut.
835 3957 884 4013 81.
913 3964 939 4040 ⁵:
961 3973 1053 4012 armus
1076 3956 1126 4011 der
1144 3957 1285 4025 thrhehe
1308 3955 1361 4009 lir-

184 4043 305 4113 fernung
323 4042 412 4097 selbot
428 4045 486 4098 und
505 4045 550 4100 die
568 4046 745 4117 verborgen·
799 4031 875 4098 mg,
903 4043 957 4082 ΜΘ
978 4028 1071 4084 Germ·
1096 4033 1131 4081 14
1154 4043 1236 4083 arare
1257 4032 1360 4109 terrun!

184 4115 246 4170 hait
267 4129 381 4172 ungeres
403 4114 506 4170 Rufw
531 4115 558 4170 (1,
580 4118 607 4172 h,
631 4135 745 4174 meres
800 4105 850 4154 aut
868 4105 1022 4180 enspeotqre
1040 4115 1152 4154 anuum.
1187 4097 1223 4153 So
1241 4115 1294 4151 nur
1312 4097 1360 4152 be1

184 4186 316 4242 Nemone.
331 4184 397 4240 Man
407 4185 744 4260 hatunsniohtgekannt,
799 4171 929 4254 §Palem
956 4169 1098 4252 Dlssblssffl·
1127 4201 1161 4210 ··
1190 4169 1359 4236 (smmum

185 4256 243 4310 und
252 4256 370 4313 ἀρήρῃ)
379 4255 743 4329 bliebenwirunbelqgffigq
797 4244 836 4295 rst
855 4242 900 4297 the
919 4239 1168 4311 Getrerdeabgabe.

186 4356 220 4366 -
241 4327 282 4381 Zn
300 4328 404 4383 diesem
419 4327 573 4384 Godanlren
587 4330 678 4385 bildet
691 4331 741 4384 das
836 4336 860 4385 1.
875 4332 948 4386 altro
963 4329 1082 4384 obenein
1094 4327 1358 4398 assumendam,

184 4397 315 4466 folgende
333 4415 408 4454 nune
425 4399 480 4455 den
498 4399 662 4470 (legensata.
797 4401 851 4456 wie
871 4417 913 4471 op.
937 4407 983 4470 19,
1004 4407 1045 4455 14.
