3018 4882
194 230 238 294 42
515 229 687 286 CORNELII
707 229 828 287 TAGITI
847 231 1055 288 AGRIOOLAE

195 394 294 458 etiam
320 393 504 479 ignotisque
535 415 603 458 non
631 393 700 459 sine
730 415 807 460 cura
835 395 907 461 fuit.
951 397 1067 482 vulgus
1099 417 1225 481 quoque
1254 401 1286 462 et
1314 397 1375 464 hic

196 482 284 548 eliud
312 503 410 568 egene
434 483 571 566 populus
595 484 627 548 et
651 484 849 550 ventitavere
877 483 919 549 ad
946 485 1077 550 domum
1101 489 1134 550 et
1160 485 1313 569 perfora
1336 491 1371 552 et

195 571 331 637 circulos
350 571 451 636 locuti
475 575 563 656 sunt3
586 573 835 657 necquicquam
858 573 970 638 cudite
992 577 1095 639 morte
1113 573 1288 658 Agricolae
1311 579 1370 644 aut

171 660 337 726 electatus
355 663 413 725 aut
432 660 543 726 stetim
562 660 683 726 oblitus
702 665 761 728 est.
797 661 939 746 sugebat
956 663 1201 728 miserationem
1213 668 1370 730 constans

196 771 308 814 rumor
329 771 455 816 veneno
476 749 705 832 interceptum:
727 750 822 816 nobis
845 749 928 814 nihil
950 751 999 815 ita
1020 756 1230 836 compertum,
1253 756 1290 817 ut
1313 752 1370 817 ad-

195 837 324 903 firmare
348 838 460 903 ausim.
500 841 641 903 ceterum
664 860 874 922 peromnem
892 839 1112 906 valetudinem
1135 839 1203 906 eius
1226 841 1371 908 crebrius

196 946 293 1009 quam
317 948 355 991 ex
377 948 467 992 more
490 926 699 1012 principatus,
722 949 780 1011 per
797 927 930 993 ιιιιιιιοι
953 928 1099 1012 visentis,
1121 933 1155 994 et
1176 929 1371 997 libertorum

195 1015 294 1099 primi
316 1019 349 1080 et
371 1015 569 1082 medicorum
591 1016 698 1080 intimi
720 1037 849 1102 venere,
876 1017 943 1082 sire
966 1039 1043 1084 cure
1069 1017 1150 1083 illud
1177 1019 1244 1084 sire
1266 1019 1371 1104 inqui-

152 1115 185 1167 10
197 1104 273 1169 sitio
297 1106 375 1170 eret.
421 1127 571 1189 supremo
600 1105 729 1190 quidem
752 1105 802 1170 die
825 1108 992 1171 momente
1018 1107 1090 1191 ipse
1112 1105 1288 1173 deficientis
1311 1130 1373 1193 per

196 1192 370 1276 dispositos
398 1215 545 1259 cursores
568 1194 721 1260 nuntiata
746 1195 931 1278 constabat,
957 1195 1047 1260 nullo
1076 1195 1222 1262 credente
1246 1199 1292 1262 sio
1314 1196 1370 1262 ad·

196 1281 329 1348 celerari
358 1304 440 1366 quae
469 1282 573 1347 tristis
605 1282 739 1348 audiret.
791 1286 930 1367 speciem
960 1286 1072 1349 tamen
1104 1283 1224 1351 doloris
1255 1286 1373 1351 habitu

195 1370 349 1456 vultuque
372 1393 448 1455 prae
474 1393 509 1436 se
531 1371 620 1456 tulit,
648 1392 778 1437 securus
801 1373 865 1436 iem
891 1371 957 1437 odii
985 1374 1097 1457 etqui
1124 1373 1252 1440 facilius
1276 1375 1370 1440 dissi·

195 1459 336 1524 mularet
362 1460 517 1545 gaudium
546 1483 642 1546 quam
669 1463 801 1527 metum,
846 1461 927 1526 sctis
955 1462 1129 1526 constabat
1156 1463 1239 1528 lecto
1267 1467 1369 1529 testa·

150 1551 304 1613 lomento
326 1547 513 1634 Agricolae,
545 1571 609 1634 quo
640 1548 830 1615 coheredem
859 1548 999 1634 optimae
1022 1551 1117 1616 uxori
1145 1554 1178 1616 et
1202 1553 1370 1636 piissimae

194 1636 281 1700 filiae
299 1635 523 1703 Domitianum
546 1639 683 1722 scripsit,
706 1639 861 1704 laetatum
881 1659 954 1704 eum
977 1639 1067 1704 velut
1088 1640 1211 1706 honore
1233 1641 1369 1707 iudicio-

196 1745 266 1808 que.
307 1728 375 1790 tcm
399 1749 494 1793 caeca
517 1730 550 1792 et
573 1730 724 1811 corrupta
746 1749 837 1793 mens
866 1726 1004 1792 assiduis
1029 1728 1268 1796 adulationibus
1291 1733 1372 1814 eret,

195 1816 231 1878 ut
239 1815 504 1881 nesciretabono
514 1819 606 1900 patre
620 1838 686 1882 non
696 1817 794 1881 scribi
805 1816 956 1881 heredem
965 1816 1030 1882 nisi
1044 1816 1167 1882 melum
1180 1819 1372 1903 principem.

141 1901 184 1964 44
282 1901 389 1970 Notus
417 1910 486 1970 erat
508 1905 663 1990 Agricola
686 1903 768 1970 Gaio
792 1903 930 1970 Caesare
956 1905 1075 1970 iterum
1100 1907 1231 1972 consule
1259 1907 1370 1973 idibus

192 1989 307 2058 Iuniis:
326 1993 461 2058 excessit
479 1994 593 2079 quinto
612 1997 645 2058 et
663 1995 930 2080 quinquagesimo
950 2015 1043 2079 anno,
1061 1995 1196 2060 decumo
1210 1995 1368 2062 kalendas

194 2077 393 2164 Septembris
423 2078 557 2168 Collega
585 2081 759 2168 Priscoque
791 2083 990 2149 consulibus.
1040 2082 1126 2168 quod
1157 2084 1185 2148 si
1217 2083 1371 2151 habitum

193 2190 321 2254 quoque
344 2171 412 2236 eius
440 2172 564 2256 posteri
585 2193 717 2237 noscere
740 2172 855 2254 velint,
884 2171 1049 2236 decentior
1076 2193 1171 2258 quam
1194 2173 1366 2239 sublimior

167 2257 269 2342 bfuit3
292 2259 376 2324 nihil
395 2265 499 2326 metus
518 2260 553 2326 in
570 2261 675 2325 vultu:
698 2261 805 2345 gretia
824 2260 890 2326 oris
909 2263 1086 2342 supererat
1121 2260 1244 2327 bonum
1263 2263 1369 2328 virum

196 2485 247 2542 auf
259 2485 368 2542 Sachen
385 2488 520 2556 beregen)
533 2488 700 2544 bezeichnet
715 2488 756 2542 im
810 2487 938 2557 Haltung
954 2489 1157 2555 bezeichnend,
1180 2489 1220 2544 ist
1241 2490 1294 2545 mit
1312 2493 1373 2546 ocl-

195 2555 258 2612 silb.
276 2558 379 2613 Letein
401 2559 580 2630 denjenigen‚
604 2560 654 2615 der
677 2559 758 2615 nicht
809 2565 855 2614 trec
872 2558 1043 2628 verbunden,
1062 2559 1115 2614 wie
1133 2559 1198 2615 hist.
1217 2567 1243 2630 9,
1262 2567 1295 2617 52
1312 2564 1372 2618 oul-

196 2627 485 2700 aurFamiliegelrtrt3
495 2631 704 2698 soauchcnn.4‚
714 2637 755 2685 11.
810 2635 868 2684 tam
885 2631 1060 2701 habitumque
1073 2631 1179 2686 trabere
1196 2633 1228 2686 in
1245 2633 1372 2690 deterius

231 2706 256 2756 9.
283 2701 382 2770 culpus
403 2702 462 2756 und
481 2703 605 2772 populus
622 2700 661 2757 ist
677 2700 758 2757 nicht
809 2701 947 2757 Horret.
967 2708 1036 2768 94,
1056 2708 1099 2756 91.

196 2771 269 2825 etwa
282 2771 456 2841 Hendicdys3
476 2773 547 2828 eben
565 2790 595 2828 so
609 2773 757 2830 verbindet
847 2778 888 2827 13.
916 2788 1027 2828 secretus
1044 2789 1068 2827 c.
1087 2789 1150 2840 gen
1170 2773 1253 2842 (noch
1269 2774 1306 2830 Vi
1342 2776 1372 2845 'l)

197 2839 262 2894 Tac.
282 2843 354 2895 auch
367 2843 446 2910 plebs
462 2845 520 2897 und
534 2846 665 2913 popolus.
810 2845 882 2898 auch
900 2842 966 2897 hist.
984 2849 1010 2911 1,
1029 2849 1071 2898 86.
1091 2860 1154 2900 ann.
1174 2850 1200 2912 3,
1218 2851 1261 2901 98.
1293 2793 1374 2902 iiiia

231 2917 256 2966 3.
289 2912 369 2967 aliud
395 2929 479 2982 opens
505 2915 576 2970 stati
602 2917 759 2970 incuriosas
811 2930 843 2969 so
858 2914 929 2968 cetat
937 2913 1002 2970 Tac.
1017 2914 1072 2970 den
1082 2913 1202 2970 Genetiv
1214 2917 1262 2972 bei
1276 2923 1374 2986 oenus,

196 2981 438 3050 „theilnahmlos“.
811 2985 939 3051 incertas,
958 2987 1069 3052 oncino,
1087 3001 1190 3052 socors,
1207 2987 1374 3046 incuriosus.

233 3061 257 3112 6.
294 3071 402 3112 certeco.
455 3055 565 3112 Cassius
602 3055 656 3112 Dio
694 3059 759 3126 sagt
849 3061 890 3111 15.
914 3058 1066 3126 piissimae.
1100 3055 1182 3110 Dieuc
1201 3057 1375 3128 superlativ-

195 3126 345 3194 gersdezu:
374 3121 485 3198 ἐσφάγη
511 3124 560 3183 διὰ
587 3129 678 3184 ταῦτα
700 3123 757 3182 riui
811 3126 885 3181 form
902 3128 994 3183 tedelt
1008 3127 1105 3183 (licero
1123 3125 1196 3181 Phil.
1217 3135 1259 3198 13,
1280 3136 1322 3200 19,
1337 3139 1372 3186 43

197 3199 372 3268 Δομιτιανοῦ
391 3201 445 3269 (66,
464 3199 518 3268 20).
550 3198 608 3254 Des
625 3199 757 3270 folgende
811 3198 869 3253 und
878 3198 1041 3268 behauptat,
1053 3198 1093 3253 sie
1103 3197 1215 3254 existite
1225 3217 1276 3270 gar
1286 3201 1374 3258 nicht.

197 3269 276 3323 nobis
298 3269 462 3324 bezeichnet
479 3269 525 3324 die
542 3269 671 3326 Familie.
702 3270 759 3324 Der
850 3275 892 3324 16.
924 3270 1025 3325 bonore
1052 3269 1208 3338 iudicioque
1234 3271 1272 3326 ist
1299 3273 1375 3330 Hen-

199 3338 332 3394 Gedenke
354 3339 393 3395 ist
415 3339 543 3395 derselbe
566 3340 619 3396 wie
643 3341 699 3397 (lio.
723 3341 760 3396 ad
813 3339 913 3410 diadys
931 3365 965 3386 =
984 3341 1089 3396 honore
1108 3339 1158 3408 qui
1175 3339 1268 3397 inerat
1283 3343 1314 3398 in
1332 3344 1376 3400 ιιι-

197 3411 263 3466 fam.
283 3414 309 3477 5,
328 3415 353 3478 t,
373 3417 388 3464 2
408 3427 441 3466 erc
458 3413 554 3466 mattis
569 3412 676 3480 certici,
693 3429 760 3467 nam
814 3410 896 3479 dicio,
915 3427 950 3466 ex
967 3428 1022 3480 quo
1041 3413 1091 3466 ott
1110 3411 1234 3483 (Spiito).

198 3481 356 3550 comperisse
372 3497 413 3537 me
429 3497 487 3536 coc
505 3483 592 3537 audeo
610 3484 705 3538 dicere.
848 3480 895 3538 44.
917 3487 940 3535 1.
977 3484 1077 3537 iterum
1094 3483 1211 3550 conscie,
1228 3483 1269 3537 im
1288 3487 1374 3542 Jahre

234 3559 259 3608 8.
287 3553 400 3608 ommis
417 3550 561 3623 congruirt
580 3553 634 3608 mit
652 3554 759 3624 prinei·
813 3559 892 3608 3911.
912 3553 975 3608 Chr.
994 3551 1034 3621 (O.
1053 3553 1155 3624 Peter).

194 3629 288 3693 patus.
333 3623 371 3678 Ει
398 3640 457 3679 wer
484 3623 556 3679 Sitte
587 3624 636 3679 des
662 3624 757 3694 Hofer,
849 3630 874 3678 3.
892 3623 936 3677 Da
945 3623 1096 3694 Pompejus
1106 3623 1222 3692 Collega
1236 3625 1294 3679 und
1308 3626 1376 3682 Cor·

199 3695 288 3749 Boten
306 3712 355 3748 zur
371 3693 576 3766 Erkuudigrmg
593 3713 628 3750 zu
645 3696 757 3753 senden.
811 3695 901 3749 nelius
926 3695 1036 3750 Priscus
1065 3695 1106 3750 im
1132 3695 1158 3750 J.
1187 3700 1220 3749 93
1251 3695 1376 3754 Consuln

235 3771 260 3821 9,
277 3765 628 3822 iucciscsubstantiviseh
636 3767 759 3837 gedoeht
811 3781 917 3831 waren,
940 3783 971 3822 so
989 3784 1065 3821 muse
1089 3768 1185 3836 quirce
1208 3767 1278 3822 stctt
1299 3775 1376 3826 serto

197 3834 276 3906 „dies
294 3835 474 3894 Verfahren“.
510 3837 575 3905 Vgl.
596 3837 661 3891 hist.
681 3843 704 3907 1,
723 3844 758 3892 49
812 3836 927 3906 gelesen
945 3837 1063 3894 werden.

199 3907 271 3977 qood
289 3908 408 3976 eeycitic
420 3913 486 3965 erat.
512 3910 761 3978 enn.4‚19quasi
846 3914 873 3964 4.
898 3909 992 3964 decem
1009 3909 1172 3978 metendig,
1191 3909 1263 3965 edel.
1290 3911 1377 3966 subli-

198 3977 271 4034 iilud
293 3979 448 4046 respublica
472 3985 544 4034 essct
581 3978 633 4034 Bei
655 3978 759 4034 Defini-
811 3979 864 4034 mio
881 3978 1084 4048 imponirend.·

197 4049 297 4105 tionen
313 4048 353 4103 ist
369 4049 419 4105 des
436 4051 574 4106 Neutrum
592 4051 641 4105 des
654 4050 759 4106 Prono·
848 4054 873 4104 5.
892 4051 964 4106 nibil
981 4054 1067 4106 neres
1086 4049 1181 4105 nichts
1199 4049 1305 4106 Furcht
1323 4053 1376 4108 Er-

199 4137 278 4176 mens
296 4135 378 4190 sogcr
395 4121 586 4192 nothwcndig.
813 4121 985 4177 weckendes.
1023 4121 1060 4176 So
1076 4119 1245 4176 bezeichnen
1258 4121 1378 4179 Dichter

237 4198 278 4247 11.
301 4207 431 4248 carcereo.
466 4191 523 4249 Der
540 4191 639 4248 Kaiser
658 4193 760 4249 befand
813 4191 867 4246 mit
884 4197 982 4258 mccc,
1008 4191 1158 4248 Prossiker
1179 4191 1233 4246 mit
1255 4193 1376 4260 sorinido

199 4261 259 4318 sich
277 4260 511 4320 wahrscheinlieh
527 4263 557 4318 in
575 4263 665 4319 seiher
683 4263 761 4318 Villa
814 4264 869 4318 den
883 4263 1063 4332 Gegenetand
1081 4263 1256 4319 deruerunt.
1277 4295 1311 4306 -
1329 4283 1376 4320 su-

200 4333 251 4388 aul
265 4334 330 4388 dem
347 4334 595 4406 Albanergebirge.
833 4349 916 4388 messe
929 4334 1151 4416 ‚‚tberwiegen“,
1165 4333 1302 4390 raiehlioh
1312 4354 1377 4392 vor·

236 4410 279 4459 12.
310 4404 432 4476 moue,
465 4405 512 4461 die
538 4422 625 4477 garae
650 4409 760 4461 tessere
811 4351 926 4460 landen
948 4404 1020 4476 sein,
1042 4421 1096 4462 ιιι
1119 4422 1163 4474 cp.
1184 4409 1227 4462 45.
1247 4405 1376 4465 Germe
