3018 4882
607 241 684 298 CAP.
703 249 818 300 42-43.
1257 243 1300 311 41

127 405 308 490 sortiretur,
332 407 365 470 et
379 405 485 470 occiso
500 402 611 471 (livica
627 427 731 490 nuper
743 428 803 472 nee
817 406 990 492 Agricolae
1009 395 1179 474 consilium
1193 410 1303 476 deerat

124 517 183 560 nec
195 493 387 560 Domitiano
407 495 598 579 exemplum.
634 516 796 561 accessere
814 496 944 580 quidam
962 497 1196 582 cogitationum
1214 499 1302 583 prin·

125 583 204 668 cipis
221 583 341 667 periti,
369 582 426 666 qui
446 583 595 649 iturusne
618 591 704 649 esset
724 585 760 648 in
781 585 981 668 provinciam
1003 585 1088 651 ultro
1111 585 1301 672 Agricolam

125 673 374 758 interrogarent
420 692 457 736 ac
482 673 589 756 primo
617 673 774 739 occultius
800 674 940 758 quietem
968 675 1001 738 et
1030 674 1134 741 otium
1160 675 1329 762 laudaret

125 783 200 826 mox
219 782 353 845 operam
372 781 465 825 suam
483 761 519 826 in
538 761 746 845 adprobanda
764 762 970 828 excusatione
989 762 1113 843 offerre,
1135 768 1303 848 postremo

124 872 190 915 non
217 849 284 914 iem
312 849 442 914 obscuri
468 849 640 915 suadentes
671 850 768 914 simul
798 853 1021 935 terrentesque
1049 855 1233 936 pertraxere
1262 853 1304 920 ad

63 1015 66 1022 ¹
126 938 363 1004 Domitianum.
403 937 458 1022 qui
476 942 611 1023 paratus
630 939 903 1023 simulatione,·in
926 939 1150 1024 adrogantiam
1173 963 1302 1026 compo-

126 1028 224 1111 situs,
251 1031 284 1093 et
311 1025 415 1091 audiit
440 1049 552 1111 preces
580 1029 763 1093 excusantis
785 1031 833 1113 et,
859 1049 932 1093 cum
955 1027 1135 1115 adnuisset,
1163 1029 1217 1116 agi
1240 1031 1303 1096 sibi

127 1117 251 1202 gratias
265 1136 383 1200 passus
397 1120 457 1200 est,
474 1137 534 1182 nec
548 1115 677 1182 erubuit
689 1116 835 1182 beneficii
854 1117 986 1182 invidia.
1023 1119 1179 1184 salarium
1191 1123 1302 1184 tamen
1313 1135 1346 1185 10

125 1205 357 1290 proconsulare
377 1203 511 1271 solitum
530 1205 638 1271 offerri
657 1209 690 1270 et
712 1205 905 1290 quibusdam
923 1228 944 1271 a
962 1227 996 1272 se
1018 1206 1090 1291 ipso
1115 1227 1303 1274 concessum

127 1293 302 1380 Agricolae
328 1314 395 1358 non
418 1293 521 1379 dedit,
549 1293 617 1359 sive
641 1294 781 1361 offensus
803 1315 871 1359 non
893 1295 1046 1380 petitum,
1075 1295 1144 1362 sire
1168 1317 1206 1361 ex
1229 1319 1303 1362 con·

127 1383 272 1468 scientia,
293 1404 336 1448 ne
359 1382 444 1466 quod
466 1386 614 1448 vetuerat
636 1382 796 1448 videretur
814 1383 939 1448 emisse.
979 1383 1146 1468 proprium
1169 1385 1304 1451 humani

126 1471 253 1556 ingenii
275 1474 325 1536 est
347 1470 453 1536 odisse
477 1493 572 1556 quem
594 1472 741 1538 laeseris:
768 1472 949 1537 Domitiani
971 1493 1046 1538 vero
1071 1476 1189 1538 natura
1211 1495 1304 1559 prae-

127 1582 204 1644 ceps
225 1560 376 1644 inirem,
398 1565 432 1625 et
455 1581 519 1645 quo
542 1561 718 1644 obscurior,
740 1581 778 1625 eo
801 1561 1059 1646 inrevocabilior,
1080 1561 1302 1629 moderatione
1314 1577 1347 1629 15

14 1665 15 1670 ’
127 1654 238 1714 tamen
256 1648 493 1734 prudentiaque
511 1648 685 1736 Agricolae
707 1649 897 1734 leniebatur,
921 1649 997 1734 quia
1014 1671 1082 1715 non
1101 1653 1306 1718 contumacia

127 1759 232 1822 neque
253 1737 345 1802 inani
373 1737 549 1804 iactatione
575 1739 736 1804 libertatis
758 1738 880 1803 famam
907 1737 1075 1823 fatumque
1097 1742 1304 1823 provocabat.

130 1827 244 1910 sciant,
267 1826 385 1911 quibus
404 1827 504 1892 moria
522 1830 572 1891 eet
593 1827 719 1892 inlicita
741 1827 863 1906 mirari,
885 1847 981 1911 posse
1004 1827 1103 1892 etiam
1126 1828 1186 1893 sub
1208 1830 1304 1894 melis

129 1915 330 2000 principibus
348 1936 486 2000 magnos
504 1916 592 1980 viros
615 1937 695 2000 esse,
718 1915 971 2000 obsequiumque
994 1937 1031 1983 ac
1049 1916 1252 2001 modestiam,
1276 1918 1305 1982 si

130 2004 290 2070 industria
313 2025 350 2069 ac
373 2003 467 2089 vigor
489 2003 607 2082 adsint,
630 2025 669 2070 eo
692 2005 797 2070 leudis
815 2003 974 2087 excedere,
997 2025 1060 2088 quo
1082 2005 1227 2088 plerique
1245 2022 1349 2090 perro

130 2093 278 2177 abrupta,
300 2091 410 2156 sedin
425 2093 553 2157 nullum
575 2093 624 2158 rei
646 2091 794 2177 publicae
812 2115 917 2177 usum,
940 2092 1113 2160 ambitiosa
1130 2097 1235 2160 morte
1256 2095 1305 2160 in·

131 2183 417 2336 eamquqlnst.vstae
441 2269 509 2335 eius
536 2270 632 2335 nobis
654 2271 834 2354 luctuosus,
865 2270 978 2336 amieis
1000 2270 1119 2356 tristis,
1146 2272 1305 2337 extranei
1315 2275 1357 2340 43

164 2433 189 2482 2.
224 2425 320 2482 Civica
339 2425 463 2482 Cerealis
485 2445 544 2484 war
562 2428 604 2482 als
623 2427 691 2482 Pro·
781 2433 823 2482 17.
841 2427 954 2494 'femare
975 2427 1123 2496 fetoreque.
1160 2426 1213 2484 Die
1235 2427 1306 2483 Alli·

14 2521 15 2525 *
130 2497 227 2552 consul
249 2513 305 2552 von
327 2497 396 2552 Asia
420 2499 570 2569 angeblich
593 2515 692 2568 wegen
744 2499 874 2565 teration,
893 2498 940 2554 bei
954 2497 1020 2552 Tac.
1034 2497 1194 2568 fiberheupt
1208 2500 1306 2569 aelteu,

129 2569 296 2624 versuchten
309 2569 518 2625 Hochverraths
531 2569 691 2640 hiugerich-
744 2569 816 2624 wird
844 2586 899 2625 von
929 2569 989 2624 ihm
1020 2568 1051 2624 in
1077 2569 1134 2624 den
1160 2575 1307 2640 &becaren

129 2641 178 2696 tat
197 2671 232 2680 -
251 2641 404 2707 consilium,
420 2641 546 2695 nllmlich
564 2640 611 2696 die
624 2641 691 2695 Pro·
744 2640 868 2696 Werlren
889 2640 964 2695 noch
985 2640 1066 2694 mehr
1083 2641 1251 2696 vermieden.
1271 2671 1306 2682 -

130 2708 193 2767 vina
211 2711 395 2767 abzulehnen.
744 2711 803 2766 Aue
818 2712 988 2780 provocabat
1005 2711 1044 2766 ist
1055 2727 1108 2781 per
1120 2711 1244 2780 Zeugma
1261 2711 1307 2766 fiir

165 2788 192 2838 3.
210 2784 362 2852 aenaeam
379 2781 597 2838 Pracedenalall.
745 2782 795 2838 das
821 2781 922 2852 Objeot
947 2783 1051 2850 famam
1077 2781 1124 2838 ein
1151 2781 1227 2838 Verb
1253 2782 1307 2838 wie

165 2858 191 2908 5.
208 2855 324 2923 peterem
337 2858 362 2908 et
375 2855 461 2908 obem
475 2854 599 2923 auchcp.
612 2859 690 2922 0,21.
745 2853 891 2923 quaerebat
909 2869 943 2906 au
961 2853 1138 2909 entnehmen.

165 2930 189 2980 ¹1.
213 2928 384 2992 peremere.
421 2922 467 2979 Sie
489 2941 624 2994 ewangen
642 2924 693 2978 ibn
783 2924 1306 2993 18.inlicitogeeetalichllnerlaubtes.

129 2994 318 3065 tricengeham,
338 2994 504 3064 ecbleppten
522 2995 580 3050 ihn.
781 3000 824 3050 20.
852 2996 977 3064 plerique
994 2995 1077 3063 „sehr
1095 2995 1187 3050 viele“
1206 3025 1240 3038 -
1254 3013 1307 3064 per

166 3071 207 3125 10.
240 3066 363 3134 beneficii
385 3065 496 3121 inuidia
518 3065 569 3119 dae
588 3065 692 3121 (lable-
746 3065 1306 3136 abnepteinsohroffer,trotaigerWeise,

131 3137 191 3207 eiga
224 3135 301 3192 einer
332 3137 446 3192 eolchen
469 3136 627 3193 Wohlthat
658 3167 692 3178 -
745 3137 800 3192 wie
814 3153 877 3191 aun.
895 3141 921 3204 0,
940 3141 975 3191 20
989 3136 1061 3190 acer
1079 3137 1228 3206 abreptam
1245 3153 1307 3192 coe-

130 3209 279 3276 eclcrimn,
301 3207 332 3262 in
349 3208 455 3264 diesem
473 3206 558 3262 Sinna
577 3209 634 3262 eret
653 3207 693 3264 im
746 3208 896 3264 wmoctcm
909 3211 934 3260 er
948 3207 1066 3274 defmme
1078 3209 1234 3278 obsequere
1245 3225 1308 3278 per·

15 3297 16 3300 ¹
130 3279 270 3336 eilbemen
298 3277 408 3336 Latein.
448 3278 512 3333 Wie
540 3295 620 3348 gross
646 3279 692 3334 die
745 3280 877 3350 parciter
894 3277 1042 3332 andraeae
1060 3294 1094 3333 ac
1109 3280 1244 3347 paleolis
1260 3296 1308 3334 cc-

15 3383 16 3402 l
132 3350 246 3406 Summe
264 3349 373 3405 darnole
391 3365 533 3419 gerasan,
551 3350 590 3404 ist
608 3350 693 3406 unbe-
746 3367 836 3406 emere.
886 3347 1007 3404 Solchen
1047 3352 1188 3405 unnttzen
1224 3351 1308 3406 Treta

15 3419 16 3430 ¹
131 3421 228 3477 kannt.
255 3421 299 3475 Im
313 3420 418 3476 dritten
427 3421 524 3478 Jahrb.
539 3421 641 3492 betrug
654 3421 694 3476 sie

131 3497 237 3575 250000
263 3490 429 3547 Drachmen.
467 3491 526 3548 Scit
552 3493 693 3561 Augustus
747 3418 1308 3576 qqqpnparleqqsllqrhsrqqoqqdqlppqu'qp

132 3561 694 3620 erhreltenalleBeamtenlestesGehelt.
748 3567 817 3619 erat
845 3567 903 3617 laen
930 3567 1028 3617 cenula
1054 3578 1088 3616 cc
1114 3563 1168 3616 aba
1195 3578 1308 3617 caecam

169 3639 210 3688 12.
225 3633 329 3701 offendi
337 3632 445 3688 mdcc.
454 3649 477 3687 c.
487 3633 563 3688 infin.
572 3652 625 3689 nur
634 3634 695 3689 bier
745 3633 865 3704 periculi
886 3630 964 3700 fecit,
987 3633 1081 3687 colmie
1103 3633 1235 3688 libertatis
1252 3635 1308 3688 lai·

132 3705 189 3762 und
199 3703 274 3758 Suet
289 3704 361 3773 Aug.
376 3709 420 3759 80.
433 3703 552 3761 Phaedr.
567 3711 593 3773 4,
609 3712 651 3774 11,
666 3713 690 3762 0.
745 3707 815 3760 bam
827 3720 885 3759 eoa
897 3703 1037 3772 mactat.
1055 3733 1090 3744 -
1108 3719 1138 3759 eo
1156 3704 1249 3759 hedis
1261 3721 1306 3759 ee·

168 3782 211 3831 13.
220 3777 369 3845 preprium
376 3776 424 3829 ott
438 3775 693 3831 DieselbeAnsicht
745 3777 835 3832 cedere
857 3799 891 3824 a·
910 3774 947 3828 ed
969 3775 1088 3830 eandem
1108 3775 1222 3830 leudem
1245 3793 1307 3845 per·

131 3847 184 3902 hat
197 3845 303 3902 Seneca
318 3846 353 3902 de
371 3845 414 3900 ira
431 3850 457 3913 0,
476 3851 510 3899 20
525 3849 692 3915 pertinacio-
745 3847 849 3903 venire.
886 3845 948 3901 Vel
968 3844 1034 3900 Max
1060 3851 1086 3911 0,
1104 3851 1130 3914 4,
1153 3848 1207 3902 ext.
1232 3853 1246 3900 1
1270 3848 1308 3902 cd

132 3934 175 3974 ree
191 3933 243 3973 ace
260 3917 330 3984 fucit
346 3917 484 3986 iniquitas
501 3917 573 3983 ace,
595 3920 692 3974 retiae-
747 3918 930 3974 clcrbelmwn
946 3917 1051 3986 ylorioe
1073 3917 1164 3971 lumea
1188 3919 1307 3973 mearat.

132 4005 193 4043 mee
210 3989 282 4043 enim
298 3987 378 4043 ellam
400 3994 426 4043 et
448 4002 591 4057 reperere,
613 3992 694 4059 quoa?
782 3995 825 4044 21.
839 3989 1016 4043 inclarescere
1030 3988 1114 4056 (auch
1128 4004 1191 4044 ann.
1206 3994 1248 4056 12,
1262 3989 1307 4056 07)

133 4059 612 4130 arpenaaeeeccrucrerrarceata
629 4077 693 4131 pra
746 4060 786 4115 ist
807 4059 942 4114 silbemes
960 4057 1068 4115 betein.
1104 4058 1238 4130 Hluliger
1259 4075 1308 4128 ge·

133 4132 203 4186 viler
219 4131 313 4186 irasci
349 4127 388 4184 ib.
407 4135 433 4196 2,
451 4136 494 4185 00.
749 4128 1308 4199 brauchtTac.daepoetischeundnaeh·
1362 4175 1365 4178 .

169 4207 212 4257 10.
244 4199 437 4256 immoratalis
464 4201 535 4256 statt
563 4201 694 4285 implaca-
749 4200 900 4257 klmsbehe
936 4201 1087 4257 clarescere.
1136 4201 1194 4254 Das
1227 4199 1310 4255 Wort

133 4272 198 4328 ears
210 4271 249 4326 iat
262 4265 311 4329 cire.
326 4269 378 4341 elq.
400 4271 583 4342 Ueberheupt
594 4275 633 4328 1st
645 4273 696 4329 das
749 4273 826 4328 steht
842 4271 904 4328 hier
916 4273 1058 4344 prlgnant
1075 4272 1158 4326 stult:
1177 4269 1309 4327 inclares-

133 4342 218 4400 Wort
227 4343 291 4397 sehr
301 4343 398 4409 allen,
413 4343 609 4412 urspringlich
619 4344 696 4400 dich·
750 4347 844 4399 centes
860 4345 1054 4413 pervenerunt,

133 4413 247 4482 teriech,
261 4411 292 4468 in
302 4412 353 4468 der
362 4413 450 4468 Prosa
463 4413 587 4472 erstLiv.
597 4421 641 4486 42,
652 4421 694 4473 02.
785 4414 835 4472 40.
865 4421 888 4469 1.
915 4420 1061 4470 aeternare
1074 4414 1140 4483 (von
1149 4411 1244 4472 (licere
1258 4430 1310 4470 nur
